{
  "metrics": {
    "totalReturn": 10.038199643099636,
    "sharpeRatio": 0.02041980650368745,
    "maxDrawdown": 23.080841832357677,
    "finalValue": 110038.19964309964
  },
  "trades": [
    {
      "id": "vp1-1763180278037-0.49158364587688685",
      "strategyId": "vp1",
      "asset": "ETH",
      "side": "buy",
      "amount": 20000,
      "price": 0.0002323216834556581,
      "timestamp": "2025-09-09T00:00:00.000Z"
    },
    {
      "id": "vp1-1763180278037-0.5344465647308301",
      "strategyId": "vp1",
      "asset": "USDC",
      "side": "buy",
      "amount": 20000,
      "price": 0.0002323216834556581,
      "timestamp": "2025-09-09T00:00:00.000Z"
    },
    {
      "id": "op1-1763180278037-0.19865694806838186",
      "strategyId": "op1",
      "asset": "ETH-USDC-OPTIONS",
      "side": "sell",
      "amount": 16786.885969949464,
      "price": 0.0002318575042679345,
      "timestamp": "2025-09-09T00:00:00.000Z"
    },
    {
      "id": "op1-1763180278445-0.585992598587318",
      "strategyId": "op1",
      "asset": "ETH-USDC-OPTIONS",
      "side": "sell",
      "amount": 17166.83368842009,
      "price": 0.0002296737327000299,
      "timestamp": "2025-09-10T00:00:00.000Z"
    },
    {
      "id": "op1-1763180278855-0.8155399325172256",
      "strategyId": "op1",
      "asset": "ETH-USDC-OPTIONS",
      "side": "sell",
      "amount": 17022.34960604306,
      "price": 0.0002239029418340296,
      "timestamp": "2025-09-11T00:00:00.000Z"
    },
    {
      "id": "op1-1763180279367-0.03635233313015651",
      "strategyId": "op1",
      "asset": "ETH-USDC-OPTIONS",
      "side": "sell",
      "amount": 17014.780679965344,
      "price": 0.00021182716740229688,
      "timestamp": "2025-09-12T00:00:00.000Z"
    },
    {
      "id": "op1-1763180279791-0.009904462760837784",
      "strategyId": "op1",
      "asset": "ETH-USDC-OPTIONS",
      "side": "sell",
      "amount": 17007.01460639896,
      "price": 0.00021391680520167894,
      "timestamp": "2025-09-13T00:00:00.000Z"
    },
    {
      "id": "op1-1763180280186-0.8950515865826418",
      "strategyId": "op1",
      "asset": "ETH-USDC-OPTIONS",
      "side": "sell",
      "amount": 17000.431380975984,
      "price": 0.0002167915601138972,
      "timestamp": "2025-09-14T00:00:00.000Z"
    },
    {
      "id": "op1-1763180280595-0.9858145408913646",
      "strategyId": "op1",
      "asset": "ETH-USDC-OPTIONS",
      "side": "sell",
      "amount": 16995.09453517124,
      "price": 0.0002207245444759216,
      "timestamp": "2025-09-15T00:00:00.000Z"
    },
    {
      "id": "op1-1763180281010-0.703703072626095",
      "strategyId": "op1",
      "asset": "ETH-USDC-OPTIONS",
      "side": "sell",
      "amount": 16991.07733170518,
      "price": 0.00022184619286172674,
      "timestamp": "2025-09-16T00:00:00.000Z"
    },
    {
      "id": "op1-1763180281415-0.14571373697023626",
      "strategyId": "op1",
      "asset": "ETH-USDC-OPTIONS",
      "side": "sell",
      "amount": 16987.359434918246,
      "price": 0.00021751976618829562,
      "timestamp": "2025-09-17T00:00:00.000Z"
    },
    {
      "id": "op1-1763180281927-0.5780961546690004",
      "strategyId": "op1",
      "asset": "ETH-USDC-OPTIONS",
      "side": "sell",
      "amount": 16982.300554735786,
      "price": 0.00021762160168249903,
      "timestamp": "2025-09-18T00:00:00.000Z"
    },
    {
      "id": "op1-1763180282318-0.5723348888529959",
      "strategyId": "op1",
      "asset": "ETH-USDC-OPTIONS",
      "side": "sell",
      "amount": 16977.27942230414,
      "price": 0.00022343798967796455,
      "timestamp": "2025-09-19T00:00:00.000Z"
    },
    {
      "id": "op1-1763180282746-0.6952985481812344",
      "strategyId": "op1",
      "asset": "ETH-USDC-OPTIONS",
      "side": "sell",
      "amount": 16973.929727537983,
      "price": 0.00022282206513156286,
      "timestamp": "2025-09-20T00:00:00.000Z"
    },
    {
      "id": "op1-1763180283156-0.2844173117053087",
      "strategyId": "op1",
      "asset": "ETH-USDC-OPTIONS",
      "side": "sell",
      "amount": 16970.44757466461,
      "price": 0.0002245810432027622,
      "timestamp": "2025-09-21T00:00:00.000Z"
    },
    {
      "id": "op1-1763180283565-0.8135088544573771",
      "strategyId": "op1",
      "asset": "ETH-USDC-OPTIONS",
      "side": "sell",
      "amount": 16967.322789304806,
      "price": 0.00023766458697115628,
      "timestamp": "2025-09-22T00:00:00.000Z"
    },
    {
      "id": "op1-1763180283975-0.36316835652857826",
      "strategyId": "op1",
      "asset": "ETH-USDC-OPTIONS",
      "side": "sell",
      "amount": 16964.455730454134,
      "price": 0.00023980200592552147,
      "timestamp": "2025-09-23T00:00:00.000Z"
    },
    {
      "id": "op1-1763180284384-0.4860826518636885",
      "strategyId": "op1",
      "asset": "ETH-USDC-OPTIONS",
      "side": "sell",
      "amount": 16961.259466254643,
      "price": 0.00024046426644066559,
      "timestamp": "2025-09-24T00:00:00.000Z"
    },
    {
      "id": "op1-1763180284794-0.42292287362696646",
      "strategyId": "op1",
      "asset": "ETH-USDC-OPTIONS",
      "side": "sell",
      "amount": 16957.942247254145,
      "price": 0.0002579167464638252,
      "timestamp": "2025-09-25T00:00:00.000Z"
    },
    {
      "id": "op1-1763180285204-0.2969812067762527",
      "strategyId": "op1",
      "asset": "ETH-USDC-OPTIONS",
      "side": "sell",
      "amount": 16948.286002490062,
      "price": 0.00024756791064181057,
      "timestamp": "2025-09-26T00:00:00.000Z"
    },
    {
      "id": "op1-1763180285613-0.9642587250316039",
      "strategyId": "op1",
      "asset": "ETH-USDC-OPTIONS",
      "side": "sell",
      "amount": 16943.088353552783,
      "price": 0.0002485249801087142,
      "timestamp": "2025-09-27T00:00:00.000Z"
    },
    {
      "id": "op1-1763180286023-0.29502739825782054",
      "strategyId": "op1",
      "asset": "ETH-USDC-OPTIONS",
      "side": "sell",
      "amount": 16937.56122299281,
      "price": 0.00024092357258661493,
      "timestamp": "2025-09-28T00:00:00.000Z"
    },
    {
      "id": "op1-1763180286432-0.4713652040334757",
      "strategyId": "op1",
      "asset": "ETH-USDC-OPTIONS",
      "side": "sell",
      "amount": 16934.1537558718,
      "price": 0.000236832930356765,
      "timestamp": "2025-09-29T00:00:00.000Z"
    },
    {
      "id": "op1-1763180286843-0.3244918529250743",
      "strategyId": "op1",
      "asset": "ETH-USDC-OPTIONS",
      "side": "sell",
      "amount": 16931.39429502038,
      "price": 0.0002409332407771251,
      "timestamp": "2025-09-30T00:00:00.000Z"
    },
    {
      "id": "op1-1763180287252-0.05119202308409043",
      "strategyId": "op1",
      "asset": "ETH-USDC-OPTIONS",
      "side": "sell",
      "amount": 16927.98786083259,
      "price": 0.0002297886828853071,
      "timestamp": "2025-10-01T00:00:00.000Z"
    },
    {
      "id": "op1-1763180287661-0.3663782814953789",
      "strategyId": "op1",
      "asset": "ETH-USDC-OPTIONS",
      "side": "sell",
      "amount": 16925.46720666326,
      "price": 0.00022264810714483487,
      "timestamp": "2025-10-02T00:00:00.000Z"
    },
    {
      "id": "op1-1763180288041-0.8461298482828423",
      "strategyId": "op1",
      "asset": "ETH-USDC-OPTIONS",
      "side": "sell",
      "amount": 16921.956980552783,
      "price": 0.00022122102611712768,
      "timestamp": "2025-10-03T00:00:00.000Z"
    },
    {
      "id": "op1-1763180288480-0.16316767150003808",
      "strategyId": "op1",
      "asset": "ETH-USDC-OPTIONS",
      "side": "sell",
      "amount": 16918.090693295508,
      "price": 0.00022247253439279698,
      "timestamp": "2025-10-04T00:00:00.000Z"
    },
    {
      "id": "op1-1763180288953-0.9845344332307069",
      "strategyId": "op1",
      "asset": "ETH-USDC-OPTIONS",
      "side": "sell",
      "amount": 16914.541709216228,
      "price": 0.00022117665333009045,
      "timestamp": "2025-10-05T00:00:00.000Z"
    },
    {
      "id": "op1-1763180289402-0.16367367459641557",
      "strategyId": "op1",
      "asset": "ETH-USDC-OPTIONS",
      "side": "sell",
      "amount": 16910.66534713475,
      "price": 0.0002130846979245414,
      "timestamp": "2025-10-06T00:00:00.000Z"
    },
    {
      "id": "op1-1763180289811-0.34531005312606544",
      "strategyId": "op1",
      "asset": "ETH-USDC-OPTIONS",
      "side": "sell",
      "amount": 16903.672655648665,
      "price": 0.0002244135709689903,
      "timestamp": "2025-10-07T00:00:00.000Z"
    },
    {
      "id": "op1-1763180290221-0.065342584761657",
      "strategyId": "op1",
      "asset": "ETH-USDC-OPTIONS",
      "side": "sell",
      "amount": 16900.53388518068,
      "price": 0.00022063535722708236,
      "timestamp": "2025-10-08T00:00:00.000Z"
    },
    {
      "id": "op1-1763180290631-0.38684300190780574",
      "strategyId": "op1",
      "asset": "ETH-USDC-OPTIONS",
      "side": "sell",
      "amount": 16896.50835706965,
      "price": 0.00022860516997352795,
      "timestamp": "2025-10-09T00:00:00.000Z"
    },
    {
      "id": "op1-1763180291040-0.7042150622805009",
      "strategyId": "op1",
      "asset": "ETH-USDC-OPTIONS",
      "side": "sell",
      "amount": 16893.923129431798,
      "price": 0.0002606990661351476,
      "timestamp": "2025-10-10T00:00:00.000Z"
    },
    {
      "id": "op1-1763180291450-0.538473805371833",
      "strategyId": "op1",
      "asset": "ETH-USDC-OPTIONS",
      "side": "sell",
      "amount": 16882.722582670154,
      "price": 0.00026637040152185086,
      "timestamp": "2025-10-11T00:00:00.000Z"
    },
    {
      "id": "op1-1763180291860-0.631679709979608",
      "strategyId": "op1",
      "asset": "ETH-USDC-OPTIONS",
      "side": "sell",
      "amount": 16868.0329484183,
      "price": 0.00024026269197312605,
      "timestamp": "2025-10-12T00:00:00.000Z"
    },
    {
      "id": "op1-1763180292269-0.15336074458026894",
      "strategyId": "op1",
      "asset": "ETH-USDC-OPTIONS",
      "side": "sell",
      "amount": 16864.761938315318,
      "price": 0.0002353450338922522,
      "timestamp": "2025-10-13T00:00:00.000Z"
    },
    {
      "id": "op1-1763180292779-0.09989954098921772",
      "strategyId": "op1",
      "asset": "ETH-USDC-OPTIONS",
      "side": "sell",
      "amount": 16862.15668083786,
      "price": 0.00024218866135967092,
      "timestamp": "2025-10-14T00:00:00.000Z"
    },
    {
      "id": "op1-1763180293291-0.901935205586625",
      "strategyId": "op1",
      "asset": "ETH-USDC-OPTIONS",
      "side": "sell",
      "amount": 16858.48683901365,
      "price": 0.00025054515666763743,
      "timestamp": "2025-10-15T00:00:00.000Z"
    },
    {
      "id": "op1-1763180293676-0.04222211293910072",
      "strategyId": "op1",
      "asset": "ETH-USDC-OPTIONS",
      "side": "sell",
      "amount": 16852.20571276527,
      "price": 0.00025645535455765857,
      "timestamp": "2025-10-16T00:00:00.000Z"
    },
    {
      "id": "op1-1763180294112-0.6311913256150711",
      "strategyId": "op1",
      "asset": "ETH-USDC-OPTIONS",
      "side": "sell",
      "amount": 16843.282918656914,
      "price": 0.0002605858927112214,
      "timestamp": "2025-10-17T00:00:00.000Z"
    },
    {
      "id": "op1-1763180294522-0.05002442657605921",
      "strategyId": "op1",
      "asset": "ETH-USDC-OPTIONS",
      "side": "sell",
      "amount": 16832.155645148163,
      "price": 0.0002567752639272767,
      "timestamp": "2025-10-18T00:00:00.000Z"
    },
    {
      "id": "op1-1763180294932-0.3250560331755684",
      "strategyId": "op1",
      "asset": "ETH-USDC-OPTIONS",
      "side": "sell",
      "amount": 16823.077103403743,
      "price": 0.00025074411333514266,
      "timestamp": "2025-10-19T00:00:00.000Z"
    },
    {
      "id": "op1-1763180295341-0.7224426732768034",
      "strategyId": "op1",
      "asset": "ETH-USDC-OPTIONS",
      "side": "sell",
      "amount": 16816.71816691864,
      "price": 0.00025093144904265633,
      "timestamp": "2025-10-20T00:00:00.000Z"
    },
    {
      "id": "op1-1763180295751-0.8325189873286194",
      "strategyId": "op1",
      "asset": "ETH-USDC-OPTIONS",
      "side": "sell",
      "amount": 16810.2847311382,
      "price": 0.00025784714419354844,
      "timestamp": "2025-10-21T00:00:00.000Z"
    },
    {
      "id": "op1-1763180296118-0.852926153218769",
      "strategyId": "op1",
      "asset": "ETH-USDC-OPTIONS",
      "side": "sell",
      "amount": 16800.65883698285,
      "price": 0.0002624220825730403,
      "timestamp": "2025-10-22T00:00:00.000Z"
    },
    {
      "id": "op1-1763180296570-0.4450737886076409",
      "strategyId": "op1",
      "asset": "ETH-USDC-OPTIONS",
      "side": "sell",
      "amount": 16788.47555375579,
      "price": 0.00025910168630663476,
      "timestamp": "2025-10-23T00:00:00.000Z"
    },
    {
      "id": "op1-1763180296980-0.8562038438434476",
      "strategyId": "op1",
      "asset": "ETH-USDC-OPTIONS",
      "side": "sell",
      "amount": 16778.189883455714,
      "price": 0.00025386320728585716,
      "timestamp": "2025-10-24T00:00:00.000Z"
    },
    {
      "id": "op1-1763180297389-0.21116799790672114",
      "strategyId": "op1",
      "asset": "ETH-USDC-OPTIONS",
      "side": "sell",
      "amount": 16770.511380015847,
      "price": 0.0002526191222964616,
      "timestamp": "2025-10-25T00:00:00.000Z"
    },
    {
      "id": "op1-1763180297799-0.018662974107630625",
      "strategyId": "op1",
      "asset": "ETH-USDC-OPTIONS",
      "side": "sell",
      "amount": 16763.38110627368,
      "price": 0.0002402463855655473,
      "timestamp": "2025-10-26T00:00:00.000Z"
    },
    {
      "id": "op1-1763180298178-0.38643414935495124",
      "strategyId": "op1",
      "asset": "ETH-USDC-OPTIONS",
      "side": "sell",
      "amount": 16760.10205494831,
      "price": 0.0002424631127906515,
      "timestamp": "2025-10-27T00:00:00.000Z"
    },
    {
      "id": "op1-1763180298618-0.19344124859963552",
      "strategyId": "op1",
      "asset": "ETH-USDC-OPTIONS",
      "side": "sell",
      "amount": 16756.357888722425,
      "price": 0.0002508561394920303,
      "timestamp": "2025-10-28T00:00:00.000Z"
    },
    {
      "id": "op1-1763180299028-0.3913268457244877",
      "strategyId": "op1",
      "asset": "ETH-USDC-OPTIONS",
      "side": "sell",
      "amount": 16749.955472532984,
      "price": 0.0002559587246595385,
      "timestamp": "2025-10-29T00:00:00.000Z"
    },
    {
      "id": "op1-1763180299435-0.3973596291129572",
      "strategyId": "op1",
      "asset": "ETH-USDC-OPTIONS",
      "side": "sell",
      "amount": 16741.291290588993,
      "price": 0.0002626883117467291,
      "timestamp": "2025-10-30T00:00:00.000Z"
    },
    {
      "id": "op1-1763180299846-0.8318940985956059",
      "strategyId": "op1",
      "asset": "ETH-USDC-OPTIONS",
      "side": "sell",
      "amount": 16728.96276646218,
      "price": 0.00025966327670360744,
      "timestamp": "2025-10-31T00:00:00.000Z"
    },
    {
      "id": "op1-1763180300257-0.25676931468116027",
      "strategyId": "op1",
      "asset": "ETH-USDC-OPTIONS",
      "side": "sell",
      "amount": 16718.38054045317,
      "price": 0.0002578931877616932,
      "timestamp": "2025-11-01T00:00:00.000Z"
    },
    {
      "id": "op1-1763180300681-0.6809219188275966",
      "strategyId": "op1",
      "asset": "ETH-USDC-OPTIONS",
      "side": "sell",
      "amount": 16708.7492245048,
      "price": 0.00025564717081397474,
      "timestamp": "2025-11-02T00:00:00.000Z"
    },
    {
      "id": "op1-1763180301178-0.04406882025774339",
      "strategyId": "op1",
      "asset": "ETH-USDC-OPTIONS",
      "side": "sell",
      "amount": 16700.24490139757,
      "price": 0.000277304334486574,
      "timestamp": "2025-11-03T00:00:00.000Z"
    },
    {
      "id": "op1-1763180301643-0.7356251522074793",
      "strategyId": "op1",
      "asset": "ETH-USDC-OPTIONS",
      "side": "sell",
      "amount": 16677.610090880666,
      "price": 0.0003036842557479622,
      "timestamp": "2025-11-04T00:00:00.000Z"
    },
    {
      "id": "op1-1763180302100-0.23839989098887626",
      "strategyId": "op1",
      "asset": "ETH-USDC-OPTIONS",
      "side": "sell",
      "amount": 16629.660715060625,
      "price": 0.00029175918577661615,
      "timestamp": "2025-11-05T00:00:00.000Z"
    },
    {
      "id": "op1-1763180302517-0.17530846066760297",
      "strategyId": "op1",
      "asset": "ETH-USDC-OPTIONS",
      "side": "sell",
      "amount": 16594.38067424137,
      "price": 0.0003015487454754308,
      "timestamp": "2025-11-06T00:00:00.000Z"
    },
    {
      "id": "op1-1763180302919-0.9310381220805918",
      "strategyId": "op1",
      "asset": "ETH-USDC-OPTIONS",
      "side": "sell",
      "amount": 16549.321740574083,
      "price": 0.00029085277344478096,
      "timestamp": "2025-11-07T00:00:00.000Z"
    },
    {
      "id": "op1-1763180303328-0.9971161196856346",
      "strategyId": "op1",
      "asset": "ETH-USDC-OPTIONS",
      "side": "sell",
      "amount": 16515.30724337874,
      "price": 0.00029377354643271976,
      "timestamp": "2025-11-08T00:00:00.000Z"
    },
    {
      "id": "op1-1763180303738-0.7013120721776076",
      "strategyId": "op1",
      "asset": "ETH-USDC-OPTIONS",
      "side": "sell",
      "amount": 16478.652589608693,
      "price": 0.0002787005592188504,
      "timestamp": "2025-11-09T00:00:00.000Z"
    },
    {
      "id": "op1-1763180304147-0.15570333480519827",
      "strategyId": "op1",
      "asset": "ETH-USDC-OPTIONS",
      "side": "sell",
      "amount": 16455.52966860916,
      "price": 0.000279958938205091,
      "timestamp": "2025-11-10T00:00:00.000Z"
    },
    {
      "id": "op1-1763180304562-0.4426941901323771",
      "strategyId": "op1",
      "asset": "ETH-USDC-OPTIONS",
      "side": "sell",
      "amount": 16431.45821564468,
      "price": 0.00029250217016813884,
      "timestamp": "2025-11-11T00:00:00.000Z"
    },
    {
      "id": "op1-1763180305072-0.955068128730515",
      "strategyId": "op1",
      "asset": "ETH-USDC-OPTIONS",
      "side": "sell",
      "amount": 16396.429702387275,
      "price": 0.00029261383623261446,
      "timestamp": "2025-11-12T00:00:00.000Z"
    },
    {
      "id": "op1-1763180305568-0.29511658425159537",
      "strategyId": "op1",
      "asset": "ETH-USDC-OPTIONS",
      "side": "sell",
      "amount": 16361.47066959258,
      "price": 0.0003091104948942897,
      "timestamp": "2025-11-13T00:00:00.000Z"
    },
    {
      "id": "op1-1763180305990-0.3965433599180973",
      "strategyId": "op1",
      "asset": "ETH-USDC-OPTIONS",
      "side": "sell",
      "amount": 16309.919270605953,
      "price": 0.0003212752543979269,
      "timestamp": "2025-11-14T00:00:00.000Z"
    },
    {
      "id": "op1-1763180306400-0.2785737680091439",
      "strategyId": "op1",
      "asset": "ETH-USDC-OPTIONS",
      "side": "sell",
      "amount": 16245.09063814433,
      "price": 0.0003133365893416664,
      "timestamp": "2025-11-15T00:00:00.000Z"
    },
    {
      "id": "op1-1763180307219-0.7429286558372896",
      "strategyId": "op1",
      "asset": "ETH-USDC-OPTIONS",
      "side": "sell",
      "amount": 16189.959997512276,
      "price": 0.0002605858927112214,
      "timestamp": "2025-11-16T00:00:00.000Z"
    },
    {
      "id": "op1-1763180308039-0.2390032464715035",
      "strategyId": "op1",
      "asset": "ETH-USDC-OPTIONS",
      "side": "sell",
      "amount": 16179.310038442025,
      "price": 0.0002605858927112214,
      "timestamp": "2025-11-17T00:00:00.000Z"
    },
    {
      "id": "op1-1763180308858-0.6162628367282873",
      "strategyId": "op1",
      "asset": "ETH-USDC-OPTIONS",
      "side": "sell",
      "amount": 16168.664768543797,
      "price": 0.0002605858927112214,
      "timestamp": "2025-11-18T00:00:00.000Z"
    },
    {
      "id": "op1-1763180309647-0.01362832112343837",
      "strategyId": "op1",
      "asset": "ETH-USDC-OPTIONS",
      "side": "sell",
      "amount": 16158.024183088884,
      "price": 0.0002605858927112214,
      "timestamp": "2025-11-19T00:00:00.000Z"
    },
    {
      "id": "op1-1763180310497-0.3362572962709153",
      "strategyId": "op1",
      "asset": "ETH-USDC-OPTIONS",
      "side": "sell",
      "amount": 16147.388277353339,
      "price": 0.0002605858927112214,
      "timestamp": "2025-11-20T00:00:00.000Z"
    },
    {
      "id": "op1-1763180311418-0.29421928284053644",
      "strategyId": "op1",
      "asset": "ETH-USDC-OPTIONS",
      "side": "sell",
      "amount": 16136.757046617979,
      "price": 0.0002605858927112214,
      "timestamp": "2025-11-21T00:00:00.000Z"
    },
    {
      "id": "op1-1763180312237-0.11072851664774896",
      "strategyId": "op1",
      "asset": "ETH-USDC-OPTIONS",
      "side": "sell",
      "amount": 16126.130486168373,
      "price": 0.0002605858927112214,
      "timestamp": "2025-11-22T00:00:00.000Z"
    },
    {
      "id": "op1-1763180313056-0.5952446677438612",
      "strategyId": "op1",
      "asset": "ETH-USDC-OPTIONS",
      "side": "sell",
      "amount": 16115.508591294856,
      "price": 0.0002605858927112214,
      "timestamp": "2025-11-23T00:00:00.000Z"
    },
    {
      "id": "op1-1763180313876-0.7502663269003077",
      "strategyId": "op1",
      "asset": "ETH-USDC-OPTIONS",
      "side": "sell",
      "amount": 16104.891357292507,
      "price": 0.0002605858927112214,
      "timestamp": "2025-11-24T00:00:00.000Z"
    },
    {
      "id": "op1-1763180314695-0.2547753214127709",
      "strategyId": "op1",
      "asset": "ETH-USDC-OPTIONS",
      "side": "sell",
      "amount": 16094.278779461154,
      "price": 0.0002605858927112214,
      "timestamp": "2025-11-25T00:00:00.000Z"
    },
    {
      "id": "op1-1763180315527-0.6163917073176813",
      "strategyId": "op1",
      "asset": "ETH-USDC-OPTIONS",
      "side": "sell",
      "amount": 16083.670853105354,
      "price": 0.0002605858927112214,
      "timestamp": "2025-11-26T00:00:00.000Z"
    },
    {
      "id": "op1-1763180316333-0.5762794103583418",
      "strategyId": "op1",
      "asset": "ETH-USDC-OPTIONS",
      "side": "sell",
      "amount": 16073.067573534407,
      "price": 0.0002605858927112214,
      "timestamp": "2025-11-27T00:00:00.000Z"
    },
    {
      "id": "op1-1763180317255-0.6009314872133071",
      "strategyId": "op1",
      "asset": "ETH-USDC-OPTIONS",
      "side": "sell",
      "amount": 16062.468936062345,
      "price": 0.0002605858927112214,
      "timestamp": "2025-11-28T00:00:00.000Z"
    },
    {
      "id": "op1-1763180318177-0.8038254042267763",
      "strategyId": "op1",
      "asset": "ETH-USDC-OPTIONS",
      "side": "sell",
      "amount": 16051.874936007922,
      "price": 0.0002605858927112214,
      "timestamp": "2025-11-29T00:00:00.000Z"
    },
    {
      "id": "op1-1763180318996-0.4979549234176255",
      "strategyId": "op1",
      "asset": "ETH-USDC-OPTIONS",
      "side": "sell",
      "amount": 16041.285568694608,
      "price": 0.0002605858927112214,
      "timestamp": "2025-11-30T00:00:00.000Z"
    },
    {
      "id": "op1-1763180319818-0.49703146823497424",
      "strategyId": "op1",
      "asset": "ETH-USDC-OPTIONS",
      "side": "sell",
      "amount": 16030.700829450601,
      "price": 0.0002605858927112214,
      "timestamp": "2025-12-01T00:00:00.000Z"
    },
    {
      "id": "op1-1763180320634-0.1914503508053128",
      "strategyId": "op1",
      "asset": "ETH-USDC-OPTIONS",
      "side": "sell",
      "amount": 16020.120713608798,
      "price": 0.0002605858927112214,
      "timestamp": "2025-12-02T00:00:00.000Z"
    },
    {
      "id": "op1-1763180321558-0.5588229626232334",
      "strategyId": "op1",
      "asset": "ETH-USDC-OPTIONS",
      "side": "sell",
      "amount": 16009.545216506816,
      "price": 0.0002605858927112214,
      "timestamp": "2025-12-03T00:00:00.000Z"
    },
    {
      "id": "op1-1763180322375-0.4498156065657345",
      "strategyId": "op1",
      "asset": "ETH-USDC-OPTIONS",
      "side": "sell",
      "amount": 15998.974333486954,
      "price": 0.0002605858927112214,
      "timestamp": "2025-12-04T00:00:00.000Z"
    },
    {
      "id": "op1-1763180323194-0.4343355527779965",
      "strategyId": "op1",
      "asset": "ETH-USDC-OPTIONS",
      "side": "sell",
      "amount": 15988.408059896225,
      "price": 0.0002605858927112214,
      "timestamp": "2025-12-05T00:00:00.000Z"
    },
    {
      "id": "op1-1763180324116-0.16027322166321523",
      "strategyId": "op1",
      "asset": "ETH-USDC-OPTIONS",
      "side": "sell",
      "amount": 15977.84639108633,
      "price": 0.0002605858927112214,
      "timestamp": "2025-12-06T00:00:00.000Z"
    },
    {
      "id": "op1-1763180324935-0.6976163109464054",
      "strategyId": "op1",
      "asset": "ETH-USDC-OPTIONS",
      "side": "sell",
      "amount": 15967.289322413657,
      "price": 0.0002605858927112214,
      "timestamp": "2025-12-07T00:00:00.000Z"
    },
    {
      "id": "op1-1763180325754-0.515375195247585",
      "strategyId": "op1",
      "asset": "ETH-USDC-OPTIONS",
      "side": "sell",
      "amount": 15956.73684923927,
      "price": 0.0002605858927112214,
      "timestamp": "2025-12-08T00:00:00.000Z"
    },
    {
      "id": "op1-1763180326574-0.763473543055006",
      "strategyId": "op1",
      "asset": "ETH-USDC-OPTIONS",
      "side": "sell",
      "amount": 15946.188966928927,
      "price": 0.0002605858927112214,
      "timestamp": "2025-12-09T00:00:00.000Z"
    },
    {
      "id": "op1-1763180327392-0.2965973039799634",
      "strategyId": "op1",
      "asset": "ETH-USDC-OPTIONS",
      "side": "sell",
      "amount": 15935.64567085304,
      "price": 0.0002605858927112214,
      "timestamp": "2025-12-10T00:00:00.000Z"
    },
    {
      "id": "op1-1763180328211-0.18031953990205685",
      "strategyId": "op1",
      "asset": "ETH-USDC-OPTIONS",
      "side": "sell",
      "amount": 15925.106956386699,
      "price": 0.0002605858927112214,
      "timestamp": "2025-12-11T00:00:00.000Z"
    },
    {
      "id": "op1-1763180329031-0.39558006564171677",
      "strategyId": "op1",
      "asset": "ETH-USDC-OPTIONS",
      "side": "sell",
      "amount": 15914.572818909664,
      "price": 0.0002605858927112214,
      "timestamp": "2025-12-12T00:00:00.000Z"
    },
    {
      "id": "op1-1763180329759-0.09801959033373553",
      "strategyId": "op1",
      "asset": "ETH-USDC-OPTIONS",
      "side": "sell",
      "amount": 15904.043253806345,
      "price": 0.0002605858927112214,
      "timestamp": "2025-12-13T00:00:00.000Z"
    },
    {
      "id": "op1-1763180330567-0.3096189818808852",
      "strategyId": "op1",
      "asset": "ETH-USDC-OPTIONS",
      "side": "sell",
      "amount": 15893.51825646581,
      "price": 0.0002605858927112214,
      "timestamp": "2025-12-14T00:00:00.000Z"
    },
    {
      "id": "op1-1763180331284-0.2128345818747731",
      "strategyId": "op1",
      "asset": "ETH-USDC-OPTIONS",
      "side": "sell",
      "amount": 15882.997822281774,
      "price": 0.0002605858927112214,
      "timestamp": "2025-12-15T00:00:00.000Z"
    },
    {
      "id": "op1-1763180332205-0.55974233717146",
      "strategyId": "op1",
      "asset": "ETH-USDC-OPTIONS",
      "side": "sell",
      "amount": 15872.481946652604,
      "price": 0.0002605858927112214,
      "timestamp": "2025-12-16T00:00:00.000Z"
    },
    {
      "id": "op1-1763180333024-0.7692136475175904",
      "strategyId": "op1",
      "asset": "ETH-USDC-OPTIONS",
      "side": "sell",
      "amount": 15861.970624981303,
      "price": 0.0002605858927112214,
      "timestamp": "2025-12-17T00:00:00.000Z"
    },
    {
      "id": "op1-1763180333844-0.7890408432317587",
      "strategyId": "op1",
      "asset": "ETH-USDC-OPTIONS",
      "side": "sell",
      "amount": 15851.463852675508,
      "price": 0.0002605858927112214,
      "timestamp": "2025-12-18T00:00:00.000Z"
    },
    {
      "id": "op1-1763180334616-0.44590761236417187",
      "strategyId": "op1",
      "asset": "ETH-USDC-OPTIONS",
      "side": "sell",
      "amount": 15840.96162514748,
      "price": 0.0002605858927112214,
      "timestamp": "2025-12-19T00:00:00.000Z"
    },
    {
      "id": "op1-1763180335379-0.8767785109854814",
      "strategyId": "op1",
      "asset": "ETH-USDC-OPTIONS",
      "side": "sell",
      "amount": 15830.46393781413,
      "price": 0.0002605858927112214,
      "timestamp": "2025-12-20T00:00:00.000Z"
    },
    {
      "id": "op1-1763180336199-0.5186354909443367",
      "strategyId": "op1",
      "asset": "ETH-USDC-OPTIONS",
      "side": "sell",
      "amount": 15819.970786096968,
      "price": 0.0002605858927112214,
      "timestamp": "2025-12-21T00:00:00.000Z"
    },
    {
      "id": "op1-1763180337018-0.38896937342941373",
      "strategyId": "op1",
      "asset": "ETH-USDC-OPTIONS",
      "side": "sell",
      "amount": 15809.482165422134,
      "price": 0.0002605858927112214,
      "timestamp": "2025-12-22T00:00:00.000Z"
    },
    {
      "id": "op1-1763180337837-0.9398281132840719",
      "strategyId": "op1",
      "asset": "ETH-USDC-OPTIONS",
      "side": "sell",
      "amount": 15798.998071220369,
      "price": 0.0002605858927112214,
      "timestamp": "2025-12-23T00:00:00.000Z"
    },
    {
      "id": "op1-1763180338656-0.8557477368688841",
      "strategyId": "op1",
      "asset": "ETH-USDC-OPTIONS",
      "side": "sell",
      "amount": 15788.518498927033,
      "price": 0.0002605858927112214,
      "timestamp": "2025-12-24T00:00:00.000Z"
    },
    {
      "id": "op1-1763180339474-0.3871112521839497",
      "strategyId": "op1",
      "asset": "ETH-USDC-OPTIONS",
      "side": "sell",
      "amount": 15778.043443982082,
      "price": 0.0002605858927112214,
      "timestamp": "2025-12-25T00:00:00.000Z"
    },
    {
      "id": "op1-1763180340295-0.7801012094101515",
      "strategyId": "op1",
      "asset": "ETH-USDC-OPTIONS",
      "side": "sell",
      "amount": 15767.572901830072,
      "price": 0.0002605858927112214,
      "timestamp": "2025-12-26T00:00:00.000Z"
    },
    {
      "id": "op1-1763180341071-0.28353723282248267",
      "strategyId": "op1",
      "asset": "ETH-USDC-OPTIONS",
      "side": "sell",
      "amount": 15757.10686792016,
      "price": 0.0002605858927112214,
      "timestamp": "2025-12-27T00:00:00.000Z"
    },
    {
      "id": "op1-1763180341933-0.06014818440851666",
      "strategyId": "op1",
      "asset": "ETH-USDC-OPTIONS",
      "side": "sell",
      "amount": 15746.645337706077,
      "price": 0.0002605858927112214,
      "timestamp": "2025-12-28T00:00:00.000Z"
    },
    {
      "id": "op1-1763180342753-0.36749185343521273",
      "strategyId": "op1",
      "asset": "ETH-USDC-OPTIONS",
      "side": "sell",
      "amount": 15736.188306646158,
      "price": 0.0002605858927112214,
      "timestamp": "2025-12-29T00:00:00.000Z"
    },
    {
      "id": "op1-1763180343571-0.5638896244251317",
      "strategyId": "op1",
      "asset": "ETH-USDC-OPTIONS",
      "side": "sell",
      "amount": 15725.735770203299,
      "price": 0.0002605858927112214,
      "timestamp": "2025-12-30T00:00:00.000Z"
    },
    {
      "id": "op1-1763180344391-0.7693712035795036",
      "strategyId": "op1",
      "asset": "ETH-USDC-OPTIONS",
      "side": "sell",
      "amount": 15715.287723844982,
      "price": 0.0002605858927112214,
      "timestamp": "2025-12-31T00:00:00.000Z"
    },
    {
      "id": "op1-1763180345181-0.41519528916761517",
      "strategyId": "op1",
      "asset": "ETH-USDC-OPTIONS",
      "side": "sell",
      "amount": 15704.844163043263,
      "price": 0.0002605858927112214,
      "timestamp": "2026-01-01T00:00:00.000Z"
    },
    {
      "id": "op1-1763180346132-0.1219289477704717",
      "strategyId": "op1",
      "asset": "ETH-USDC-OPTIONS",
      "side": "sell",
      "amount": 15694.405083274753,
      "price": 0.0002605858927112214,
      "timestamp": "2026-01-02T00:00:00.000Z"
    },
    {
      "id": "op1-1763180347258-0.08244836010904688",
      "strategyId": "op1",
      "asset": "ETH-USDC-OPTIONS",
      "side": "sell",
      "amount": 15683.970480020627,
      "price": 0.0002605858927112214,
      "timestamp": "2026-01-03T00:00:00.000Z"
    },
    {
      "id": "op1-1763180348077-0.4342054753282585",
      "strategyId": "op1",
      "asset": "ETH-USDC-OPTIONS",
      "side": "sell",
      "amount": 15673.540348766632,
      "price": 0.0002605858927112214,
      "timestamp": "2026-01-04T00:00:00.000Z"
    },
    {
      "id": "op1-1763180348999-0.7203682018666385",
      "strategyId": "op1",
      "asset": "ETH-USDC-OPTIONS",
      "side": "sell",
      "amount": 15663.114685003044,
      "price": 0.0002605858927112214,
      "timestamp": "2026-01-05T00:00:00.000Z"
    },
    {
      "id": "op1-1763180349716-0.8172059204547045",
      "strategyId": "op1",
      "asset": "ETH-USDC-OPTIONS",
      "side": "sell",
      "amount": 15652.693484224706,
      "price": 0.0002605858927112214,
      "timestamp": "2026-01-06T00:00:00.000Z"
    },
    {
      "id": "op1-1763180350535-0.29595581445235275",
      "strategyId": "op1",
      "asset": "ETH-USDC-OPTIONS",
      "side": "sell",
      "amount": 15642.276741930991,
      "price": 0.0002605858927112214,
      "timestamp": "2026-01-07T00:00:00.000Z"
    },
    {
      "id": "op1-1763180351354-0.5958347911826328",
      "strategyId": "op1",
      "asset": "ETH-USDC-OPTIONS",
      "side": "sell",
      "amount": 15631.864453625822,
      "price": 0.0002605858927112214,
      "timestamp": "2026-01-08T00:00:00.000Z"
    },
    {
      "id": "op1-1763180352173-0.803096567116115",
      "strategyId": "op1",
      "asset": "ETH-USDC-OPTIONS",
      "side": "sell",
      "amount": 15621.456614817647,
      "price": 0.0002605858927112214,
      "timestamp": "2026-01-09T00:00:00.000Z"
    },
    {
      "id": "op1-1763180352993-0.8691553745531542",
      "strategyId": "op1",
      "asset": "ETH-USDC-OPTIONS",
      "side": "sell",
      "amount": 15611.053221019449,
      "price": 0.0002605858927112214,
      "timestamp": "2026-01-10T00:00:00.000Z"
    },
    {
      "id": "op1-1763180353812-0.2787255762274412",
      "strategyId": "op1",
      "asset": "ETH-USDC-OPTIONS",
      "side": "sell",
      "amount": 15600.654267748725,
      "price": 0.0002605858927112214,
      "timestamp": "2026-01-11T00:00:00.000Z"
    },
    {
      "id": "op1-1763180354596-0.9833655955402429",
      "strategyId": "op1",
      "asset": "ETH-USDC-OPTIONS",
      "side": "sell",
      "amount": 15590.259750527512,
      "price": 0.0002605858927112214,
      "timestamp": "2026-01-12T00:00:00.000Z"
    },
    {
      "id": "op1-1763180355399-0.2583108178027398",
      "strategyId": "op1",
      "asset": "ETH-USDC-OPTIONS",
      "side": "sell",
      "amount": 15579.869664882342,
      "price": 0.0002605858927112214,
      "timestamp": "2026-01-13T00:00:00.000Z"
    },
    {
      "id": "op1-1763180356273-0.6991278252111494",
      "strategyId": "op1",
      "asset": "ETH-USDC-OPTIONS",
      "side": "sell",
      "amount": 15569.484006344275,
      "price": 0.0002605858927112214,
      "timestamp": "2026-01-14T00:00:00.000Z"
    },
    {
      "id": "op1-1763180357089-0.9657182078530325",
      "strategyId": "op1",
      "asset": "ETH-USDC-OPTIONS",
      "side": "sell",
      "amount": 15559.102770448864,
      "price": 0.0002605858927112214,
      "timestamp": "2026-01-15T00:00:00.000Z"
    },
    {
      "id": "op1-1763180357793-0.6306850152854641",
      "strategyId": "op1",
      "asset": "ETH-USDC-OPTIONS",
      "side": "sell",
      "amount": 15548.725952736175,
      "price": 0.0002605858927112214,
      "timestamp": "2026-01-16T00:00:00.000Z"
    },
    {
      "id": "op1-1763180358625-0.3901962023392227",
      "strategyId": "op1",
      "asset": "ETH-USDC-OPTIONS",
      "side": "sell",
      "amount": 15538.353548750765,
      "price": 0.0002605858927112214,
      "timestamp": "2026-01-17T00:00:00.000Z"
    },
    {
      "id": "op1-1763180359430-0.6643443416680755",
      "strategyId": "op1",
      "asset": "ETH-USDC-OPTIONS",
      "side": "sell",
      "amount": 15527.985554041688,
      "price": 0.0002605858927112214,
      "timestamp": "2026-01-18T00:00:00.000Z"
    },
    {
      "id": "op1-1763180360161-0.9369387883758701",
      "strategyId": "op1",
      "asset": "ETH-USDC-OPTIONS",
      "side": "sell",
      "amount": 15517.621964162478,
      "price": 0.0002605858927112214,
      "timestamp": "2026-01-19T00:00:00.000Z"
    },
    {
      "id": "op1-1763180360980-0.10664336118387097",
      "strategyId": "op1",
      "asset": "ETH-USDC-OPTIONS",
      "side": "sell",
      "amount": 15507.262774671166,
      "price": 0.0002605858927112214,
      "timestamp": "2026-01-20T00:00:00.000Z"
    },
    {
      "id": "op1-1763180361806-0.9364380956644652",
      "strategyId": "op1",
      "asset": "ETH-USDC-OPTIONS",
      "side": "sell",
      "amount": 15496.907981130254,
      "price": 0.0002605858927112214,
      "timestamp": "2026-01-21T00:00:00.000Z"
    },
    {
      "id": "op1-1763180362618-0.4914366107156316",
      "strategyId": "op1",
      "asset": "ETH-USDC-OPTIONS",
      "side": "sell",
      "amount": 15486.557579106724,
      "price": 0.0002605858927112214,
      "timestamp": "2026-01-22T00:00:00.000Z"
    },
    {
      "id": "op1-1763180363398-0.9920228640266605",
      "strategyId": "op1",
      "asset": "ETH-USDC-OPTIONS",
      "side": "sell",
      "amount": 15476.211564172016,
      "price": 0.0002605858927112214,
      "timestamp": "2026-01-23T00:00:00.000Z"
    },
    {
      "id": "op1-1763180364257-0.7600903499190769",
      "strategyId": "op1",
      "asset": "ETH-USDC-OPTIONS",
      "side": "sell",
      "amount": 15465.869931902052,
      "price": 0.0002605858927112214,
      "timestamp": "2026-01-24T00:00:00.000Z"
    },
    {
      "id": "op1-1763180365027-0.14116695860510875",
      "strategyId": "op1",
      "asset": "ETH-USDC-OPTIONS",
      "side": "sell",
      "amount": 15455.532677877209,
      "price": 0.0002605858927112214,
      "timestamp": "2026-01-25T00:00:00.000Z"
    },
    {
      "id": "op1-1763180365895-0.5042588721283273",
      "strategyId": "op1",
      "asset": "ETH-USDC-OPTIONS",
      "side": "sell",
      "amount": 15445.199797682317,
      "price": 0.0002605858927112214,
      "timestamp": "2026-01-26T00:00:00.000Z"
    },
    {
      "id": "op1-1763180366714-0.18503390827024546",
      "strategyId": "op1",
      "asset": "ETH-USDC-OPTIONS",
      "side": "sell",
      "amount": 15434.87128690666,
      "price": 0.0002605858927112214,
      "timestamp": "2026-01-27T00:00:00.000Z"
    },
    {
      "id": "op1-1763180367532-0.4811393237082566",
      "strategyId": "op1",
      "asset": "ETH-USDC-OPTIONS",
      "side": "sell",
      "amount": 15424.547141143978,
      "price": 0.0002605858927112214,
      "timestamp": "2026-01-28T00:00:00.000Z"
    },
    {
      "id": "op1-1763180368360-0.6241306844324432",
      "strategyId": "op1",
      "asset": "ETH-USDC-OPTIONS",
      "side": "sell",
      "amount": 15414.22735599244,
      "price": 0.0002605858927112214,
      "timestamp": "2026-01-29T00:00:00.000Z"
    },
    {
      "id": "op1-1763180369187-0.5613283169917761",
      "strategyId": "op1",
      "asset": "ETH-USDC-OPTIONS",
      "side": "sell",
      "amount": 15403.911927054669,
      "price": 0.0002605858927112214,
      "timestamp": "2026-01-30T00:00:00.000Z"
    },
    {
      "id": "op1-1763180369991-0.7536918297927557",
      "strategyId": "op1",
      "asset": "ETH-USDC-OPTIONS",
      "side": "sell",
      "amount": 15393.600849937713,
      "price": 0.0002605858927112214,
      "timestamp": "2026-01-31T00:00:00.000Z"
    },
    {
      "id": "op1-1763180370811-0.8598390064303071",
      "strategyId": "op1",
      "asset": "ETH-USDC-OPTIONS",
      "side": "sell",
      "amount": 15383.294120253053,
      "price": 0.0002605858927112214,
      "timestamp": "2026-02-01T00:00:00.000Z"
    },
    {
      "id": "op1-1763180371630-0.46267639492829304",
      "strategyId": "op1",
      "asset": "ETH-USDC-OPTIONS",
      "side": "sell",
      "amount": 15372.99173361659,
      "price": 0.0002605858927112214,
      "timestamp": "2026-02-02T00:00:00.000Z"
    },
    {
      "id": "op1-1763180372449-0.7666379356499784",
      "strategyId": "op1",
      "asset": "ETH-USDC-OPTIONS",
      "side": "sell",
      "amount": 15362.69368564866,
      "price": 0.0002605858927112214,
      "timestamp": "2026-02-03T00:00:00.000Z"
    },
    {
      "id": "op1-1763180373446-0.5421281531958838",
      "strategyId": "op1",
      "asset": "ETH-USDC-OPTIONS",
      "side": "sell",
      "amount": 15352.399971973999,
      "price": 0.0002605858927112214,
      "timestamp": "2026-02-04T00:00:00.000Z"
    },
    {
      "id": "op1-1763180374292-0.2770528756475228",
      "strategyId": "op1",
      "asset": "ETH-USDC-OPTIONS",
      "side": "sell",
      "amount": 15342.110588221765,
      "price": 0.0002605858927112214,
      "timestamp": "2026-02-05T00:00:00.000Z"
    },
    {
      "id": "op1-1763180375112-0.9860093705961818",
      "strategyId": "op1",
      "asset": "ETH-USDC-OPTIONS",
      "side": "sell",
      "amount": 15331.825530025524,
      "price": 0.0002605858927112214,
      "timestamp": "2026-02-06T00:00:00.000Z"
    },
    {
      "id": "op1-1763180375904-0.9544494274821006",
      "strategyId": "op1",
      "asset": "ETH-USDC-OPTIONS",
      "side": "sell",
      "amount": 15321.54479302324,
      "price": 0.0002605858927112214,
      "timestamp": "2026-02-07T00:00:00.000Z"
    },
    {
      "id": "op1-1763180376602-0.7336048055033716",
      "strategyId": "op1",
      "asset": "ETH-USDC-OPTIONS",
      "side": "sell",
      "amount": 15311.268372857277,
      "price": 0.0002605858927112214,
      "timestamp": "2026-02-08T00:00:00.000Z"
    },
    {
      "id": "op1-1763180377364-0.48695762295192235",
      "strategyId": "op1",
      "asset": "ETH-USDC-OPTIONS",
      "side": "sell",
      "amount": 15300.996265174399,
      "price": 0.0002605858927112214,
      "timestamp": "2026-02-09T00:00:00.000Z"
    },
    {
      "id": "op1-1763180378184-0.16385312448202882",
      "strategyId": "op1",
      "asset": "ETH-USDC-OPTIONS",
      "side": "sell",
      "amount": 15290.728465625754,
      "price": 0.0002605858927112214,
      "timestamp": "2026-02-10T00:00:00.000Z"
    },
    {
      "id": "op1-1763180379105-0.30716510483349224",
      "strategyId": "op1",
      "asset": "ETH-USDC-OPTIONS",
      "side": "sell",
      "amount": 15280.464969866878,
      "price": 0.0002605858927112214,
      "timestamp": "2026-02-11T00:00:00.000Z"
    },
    {
      "id": "op1-1763180379927-0.8524297165814889",
      "strategyId": "op1",
      "asset": "ETH-USDC-OPTIONS",
      "side": "sell",
      "amount": 15270.205773557685,
      "price": 0.0002605858927112214,
      "timestamp": "2026-02-12T00:00:00.000Z"
    },
    {
      "id": "op1-1763180380744-0.8772015693870368",
      "strategyId": "op1",
      "asset": "ETH-USDC-OPTIONS",
      "side": "sell",
      "amount": 15259.95087236247,
      "price": 0.0002605858927112214,
      "timestamp": "2026-02-13T00:00:00.000Z"
    },
    {
      "id": "op1-1763180381563-0.5230450343363825",
      "strategyId": "op1",
      "asset": "ETH-USDC-OPTIONS",
      "side": "sell",
      "amount": 15249.700261949904,
      "price": 0.0002605858927112214,
      "timestamp": "2026-02-14T00:00:00.000Z"
    },
    {
      "id": "op1-1763180382381-0.5630157551538515",
      "strategyId": "op1",
      "asset": "ETH-USDC-OPTIONS",
      "side": "sell",
      "amount": 15239.453937993007,
      "price": 0.0002605858927112214,
      "timestamp": "2026-02-15T00:00:00.000Z"
    },
    {
      "id": "op1-1763180383201-0.7675431861006322",
      "strategyId": "op1",
      "asset": "ETH-USDC-OPTIONS",
      "side": "sell",
      "amount": 15229.211896169189,
      "price": 0.0002605858927112214,
      "timestamp": "2026-02-16T00:00:00.000Z"
    },
    {
      "id": "op1-1763180384021-0.5526501518049332",
      "strategyId": "op1",
      "asset": "ETH-USDC-OPTIONS",
      "side": "sell",
      "amount": 15218.974132160198,
      "price": 0.0002605858927112214,
      "timestamp": "2026-02-17T00:00:00.000Z"
    },
    {
      "id": "op1-1763180384839-0.6015759348423799",
      "strategyId": "op1",
      "asset": "ETH-USDC-OPTIONS",
      "side": "sell",
      "amount": 15208.740641652148,
      "price": 0.0002605858927112214,
      "timestamp": "2026-02-18T00:00:00.000Z"
    },
    {
      "id": "op1-1763180385629-0.7593371766644429",
      "strategyId": "op1",
      "asset": "ETH-USDC-OPTIONS",
      "side": "sell",
      "amount": 15198.511420335499,
      "price": 0.0002605858927112214,
      "timestamp": "2026-02-19T00:00:00.000Z"
    },
    {
      "id": "op1-1763180386478-0.08681020265055972",
      "strategyId": "op1",
      "asset": "ETH-USDC-OPTIONS",
      "side": "sell",
      "amount": 15188.286463905057,
      "price": 0.0002605858927112214,
      "timestamp": "2026-02-20T00:00:00.000Z"
    },
    {
      "id": "op1-1763180387297-0.6372324721774995",
      "strategyId": "op1",
      "asset": "ETH-USDC-OPTIONS",
      "side": "sell",
      "amount": 15178.065768059969,
      "price": 0.0002605858927112214,
      "timestamp": "2026-02-21T00:00:00.000Z"
    },
    {
      "id": "op1-1763180388116-0.840949894012357",
      "strategyId": "op1",
      "asset": "ETH-USDC-OPTIONS",
      "side": "sell",
      "amount": 15167.849328503724,
      "price": 0.0002605858927112214,
      "timestamp": "2026-02-22T00:00:00.000Z"
    },
    {
      "id": "op1-1763180388935-0.052468561324650054",
      "strategyId": "op1",
      "asset": "ETH-USDC-OPTIONS",
      "side": "sell",
      "amount": 15157.637140944134,
      "price": 0.0002605858927112214,
      "timestamp": "2026-02-23T00:00:00.000Z"
    },
    {
      "id": "op1-1763180389756-0.051883894292177546",
      "strategyId": "op1",
      "asset": "ETH-USDC-OPTIONS",
      "side": "sell",
      "amount": 15147.429201093355,
      "price": 0.0002605858927112214,
      "timestamp": "2026-02-24T00:00:00.000Z"
    },
    {
      "id": "op1-1763180390574-0.7659593443445949",
      "strategyId": "op1",
      "asset": "ETH-USDC-OPTIONS",
      "side": "sell",
      "amount": 15137.225504667847,
      "price": 0.0002605858927112214,
      "timestamp": "2026-02-25T00:00:00.000Z"
    },
    {
      "id": "op1-1763180391393-0.3366839490124084",
      "strategyId": "op1",
      "asset": "ETH-USDC-OPTIONS",
      "side": "sell",
      "amount": 15127.02604738841,
      "price": 0.0002605858927112214,
      "timestamp": "2026-02-26T00:00:00.000Z"
    },
    {
      "id": "op1-1763180392212-0.7404095365553117",
      "strategyId": "op1",
      "asset": "ETH-USDC-OPTIONS",
      "side": "sell",
      "amount": 15116.830824980138,
      "price": 0.0002605858927112214,
      "timestamp": "2026-02-27T00:00:00.000Z"
    },
    {
      "id": "op1-1763180393031-0.011982264330754666",
      "strategyId": "op1",
      "asset": "ETH-USDC-OPTIONS",
      "side": "sell",
      "amount": 15106.639833172458,
      "price": 0.0002605858927112214,
      "timestamp": "2026-02-28T00:00:00.000Z"
    },
    {
      "id": "op1-1763180393799-0.7013627280475074",
      "strategyId": "op1",
      "asset": "ETH-USDC-OPTIONS",
      "side": "sell",
      "amount": 15096.453067699083,
      "price": 0.0002605858927112214,
      "timestamp": "2026-03-01T00:00:00.000Z"
    },
    {
      "id": "op1-1763180394596-0.9985041306097108",
      "strategyId": "op1",
      "asset": "ETH-USDC-OPTIONS",
      "side": "sell",
      "amount": 15086.270524298048,
      "price": 0.0002605858927112214,
      "timestamp": "2026-03-02T00:00:00.000Z"
    },
    {
      "id": "op1-1763180395284-0.3740334054754353",
      "strategyId": "op1",
      "asset": "ETH-USDC-OPTIONS",
      "side": "sell",
      "amount": 15076.092198711669,
      "price": 0.0002605858927112214,
      "timestamp": "2026-03-03T00:00:00.000Z"
    },
    {
      "id": "op1-1763180396103-0.22161000718553392",
      "strategyId": "op1",
      "asset": "ETH-USDC-OPTIONS",
      "side": "sell",
      "amount": 15065.918086686568,
      "price": 0.0002605858927112214,
      "timestamp": "2026-03-04T00:00:00.000Z"
    },
    {
      "id": "op1-1763180396923-0.18574547186319046",
      "strategyId": "op1",
      "asset": "ETH-USDC-OPTIONS",
      "side": "sell",
      "amount": 15055.748183973647,
      "price": 0.0002605858927112214,
      "timestamp": "2026-03-05T00:00:00.000Z"
    },
    {
      "id": "op1-1763180397742-0.28112241180380937",
      "strategyId": "op1",
      "asset": "ETH-USDC-OPTIONS",
      "side": "sell",
      "amount": 15045.582486328096,
      "price": 0.0002605858927112214,
      "timestamp": "2026-03-06T00:00:00.000Z"
    },
    {
      "id": "op1-1763180398561-0.7955449783968094",
      "strategyId": "op1",
      "asset": "ETH-USDC-OPTIONS",
      "side": "sell",
      "amount": 15035.420989509388,
      "price": 0.0002605858927112214,
      "timestamp": "2026-03-07T00:00:00.000Z"
    },
    {
      "id": "op1-1763180399380-0.6395101531881122",
      "strategyId": "op1",
      "asset": "ETH-USDC-OPTIONS",
      "side": "sell",
      "amount": 15025.263689281273,
      "price": 0.0002605858927112214,
      "timestamp": "2026-03-08T00:00:00.000Z"
    },
    {
      "id": "op1-1763180400097-0.34942320060551557",
      "strategyId": "op1",
      "asset": "ETH-USDC-OPTIONS",
      "side": "sell",
      "amount": 15015.110581411769,
      "price": 0.0002605858927112214,
      "timestamp": "2026-03-09T00:00:00.000Z"
    },
    {
      "id": "op1-1763180400916-0.6939937234138541",
      "strategyId": "op1",
      "asset": "ETH-USDC-OPTIONS",
      "side": "sell",
      "amount": 15004.961661673158,
      "price": 0.0002605858927112214,
      "timestamp": "2026-03-10T00:00:00.000Z"
    },
    {
      "id": "op1-1763180401735-0.8228822512327301",
      "strategyId": "op1",
      "asset": "ETH-USDC-OPTIONS",
      "side": "sell",
      "amount": 14994.816925841998,
      "price": 0.0002605858927112214,
      "timestamp": "2026-03-11T00:00:00.000Z"
    },
    {
      "id": "op1-1763180402502-0.3312769602892417",
      "strategyId": "op1",
      "asset": "ETH-USDC-OPTIONS",
      "side": "sell",
      "amount": 14984.676369699097,
      "price": 0.0002605858927112214,
      "timestamp": "2026-03-12T00:00:00.000Z"
    },
    {
      "id": "op1-1763180403271-0.8607243141083987",
      "strategyId": "op1",
      "asset": "ETH-USDC-OPTIONS",
      "side": "sell",
      "amount": 14974.539989029521,
      "price": 0.0002605858927112214,
      "timestamp": "2026-03-13T00:00:00.000Z"
    },
    {
      "id": "op1-1763180404040-0.3511646298591795",
      "strategyId": "op1",
      "asset": "ETH-USDC-OPTIONS",
      "side": "sell",
      "amount": 14964.407779622583,
      "price": 0.0002605858927112214,
      "timestamp": "2026-03-14T00:00:00.000Z"
    },
    {
      "id": "op1-1763180404795-0.657831748426695",
      "strategyId": "op1",
      "asset": "ETH-USDC-OPTIONS",
      "side": "sell",
      "amount": 14954.279737271841,
      "price": 0.0002605858927112214,
      "timestamp": "2026-03-15T00:00:00.000Z"
    },
    {
      "id": "op1-1763180405523-0.13882225183009012",
      "strategyId": "op1",
      "asset": "ETH-USDC-OPTIONS",
      "side": "sell",
      "amount": 14944.155857775106,
      "price": 0.0002605858927112214,
      "timestamp": "2026-03-16T00:00:00.000Z"
    },
    {
      "id": "op1-1763180406241-0.5608889891563649",
      "strategyId": "op1",
      "asset": "ETH-USDC-OPTIONS",
      "side": "sell",
      "amount": 14934.03613693441,
      "price": 0.0002605858927112214,
      "timestamp": "2026-03-17T00:00:00.000Z"
    },
    {
      "id": "op1-1763180406958-0.5169357544686911",
      "strategyId": "op1",
      "asset": "ETH-USDC-OPTIONS",
      "side": "sell",
      "amount": 14923.92057055603,
      "price": 0.0002605858927112214,
      "timestamp": "2026-03-18T00:00:00.000Z"
    },
    {
      "id": "op1-1763180407777-0.47505769522944585",
      "strategyId": "op1",
      "asset": "ETH-USDC-OPTIONS",
      "side": "sell",
      "amount": 14913.809154450475,
      "price": 0.0002605858927112214,
      "timestamp": "2026-03-19T00:00:00.000Z"
    },
    {
      "id": "op1-1763180408596-0.5016660926767117",
      "strategyId": "op1",
      "asset": "ETH-USDC-OPTIONS",
      "side": "sell",
      "amount": 14903.701884432467,
      "price": 0.0002605858927112214,
      "timestamp": "2026-03-20T00:00:00.000Z"
    },
    {
      "id": "op1-1763180409516-0.568413278616536",
      "strategyId": "op1",
      "asset": "ETH-USDC-OPTIONS",
      "side": "sell",
      "amount": 14893.598756320956,
      "price": 0.0002605858927112214,
      "timestamp": "2026-03-21T00:00:00.000Z"
    },
    {
      "id": "op1-1763180410337-0.8132980962301203",
      "strategyId": "op1",
      "asset": "ETH-USDC-OPTIONS",
      "side": "sell",
      "amount": 14883.499765939107,
      "price": 0.0002605858927112214,
      "timestamp": "2026-03-22T00:00:00.000Z"
    },
    {
      "id": "op1-1763180411156-0.18064059645438446",
      "strategyId": "op1",
      "asset": "ETH-USDC-OPTIONS",
      "side": "sell",
      "amount": 14873.404909114299,
      "price": 0.0002605858927112214,
      "timestamp": "2026-03-23T00:00:00.000Z"
    },
    {
      "id": "op1-1763180411976-0.2865726542725855",
      "strategyId": "op1",
      "asset": "ETH-USDC-OPTIONS",
      "side": "sell",
      "amount": 14863.314181678112,
      "price": 0.0002605858927112214,
      "timestamp": "2026-03-24T00:00:00.000Z"
    },
    {
      "id": "op1-1763180413000-0.9620881189781413",
      "strategyId": "op1",
      "asset": "ETH-USDC-OPTIONS",
      "side": "sell",
      "amount": 14853.227579466342,
      "price": 0.0002605858927112214,
      "timestamp": "2026-03-25T00:00:00.000Z"
    },
    {
      "id": "op1-1763180413820-0.9383387230766731",
      "strategyId": "op1",
      "asset": "ETH-USDC-OPTIONS",
      "side": "sell",
      "amount": 14843.145098318966,
      "price": 0.0002605858927112214,
      "timestamp": "2026-03-26T00:00:00.000Z"
    },
    {
      "id": "op1-1763180414601-0.6204578591942393",
      "strategyId": "op1",
      "asset": "ETH-USDC-OPTIONS",
      "side": "sell",
      "amount": 14833.066734080177,
      "price": 0.0002605858927112214,
      "timestamp": "2026-03-27T00:00:00.000Z"
    },
    {
      "id": "op1-1763180415355-0.6016344755081474",
      "strategyId": "op1",
      "asset": "ETH-USDC-OPTIONS",
      "side": "sell",
      "amount": 14822.992482598345,
      "price": 0.0002605858927112214,
      "timestamp": "2026-03-28T00:00:00.000Z"
    },
    {
      "id": "op1-1763180416276-0.38100287542106337",
      "strategyId": "op1",
      "asset": "ETH-USDC-OPTIONS",
      "side": "sell",
      "amount": 14812.922339726028,
      "price": 0.0002605858927112214,
      "timestamp": "2026-03-29T00:00:00.000Z"
    },
    {
      "id": "op1-1763180417095-0.19621304722138944",
      "strategyId": "op1",
      "asset": "ETH-USDC-OPTIONS",
      "side": "sell",
      "amount": 14802.85630131997,
      "price": 0.0002605858927112214,
      "timestamp": "2026-03-30T00:00:00.000Z"
    },
    {
      "id": "op1-1763180417915-0.9698973215105745",
      "strategyId": "op1",
      "asset": "ETH-USDC-OPTIONS",
      "side": "sell",
      "amount": 14792.794363241093,
      "price": 0.0002605858927112214,
      "timestamp": "2026-03-31T00:00:00.000Z"
    },
    {
      "id": "op1-1763180418732-0.35375698623906116",
      "strategyId": "op1",
      "asset": "ETH-USDC-OPTIONS",
      "side": "sell",
      "amount": 14782.736521354493,
      "price": 0.0002605858927112214,
      "timestamp": "2026-04-01T00:00:00.000Z"
    },
    {
      "id": "op1-1763180419551-0.30280123976058604",
      "strategyId": "op1",
      "asset": "ETH-USDC-OPTIONS",
      "side": "sell",
      "amount": 14772.68277152943,
      "price": 0.0002605858927112214,
      "timestamp": "2026-04-02T00:00:00.000Z"
    },
    {
      "id": "op1-1763180420372-0.7041946115243138",
      "strategyId": "op1",
      "asset": "ETH-USDC-OPTIONS",
      "side": "sell",
      "amount": 14762.633109639339,
      "price": 0.0002605858927112214,
      "timestamp": "2026-04-03T00:00:00.000Z"
    },
    {
      "id": "op1-1763180421193-0.548588374825349",
      "strategyId": "op1",
      "asset": "ETH-USDC-OPTIONS",
      "side": "sell",
      "amount": 14752.58753156181,
      "price": 0.0002605858927112214,
      "timestamp": "2026-04-04T00:00:00.000Z"
    },
    {
      "id": "op1-1763180421965-0.558466999193004",
      "strategyId": "op1",
      "asset": "ETH-USDC-OPTIONS",
      "side": "sell",
      "amount": 14742.546033178594,
      "price": 0.0002605858927112214,
      "timestamp": "2026-04-05T00:00:00.000Z"
    },
    {
      "id": "op1-1763180422830-0.575430365182792",
      "strategyId": "op1",
      "asset": "ETH-USDC-OPTIONS",
      "side": "sell",
      "amount": 14732.508610375588,
      "price": 0.0002605858927112214,
      "timestamp": "2026-04-06T00:00:00.000Z"
    },
    {
      "id": "op1-1763180423752-0.397874789541406",
      "strategyId": "op1",
      "asset": "ETH-USDC-OPTIONS",
      "side": "sell",
      "amount": 14722.475259042843,
      "price": 0.0002605858927112214,
      "timestamp": "2026-04-07T00:00:00.000Z"
    },
    {
      "id": "op1-1763180424571-0.544505094345371",
      "strategyId": "op1",
      "asset": "ETH-USDC-OPTIONS",
      "side": "sell",
      "amount": 14712.445975074557,
      "price": 0.0002605858927112214,
      "timestamp": "2026-04-08T00:00:00.000Z"
    },
    {
      "id": "op1-1763180425390-0.14448902089288496",
      "strategyId": "op1",
      "asset": "ETH-USDC-OPTIONS",
      "side": "sell",
      "amount": 14702.420754369066,
      "price": 0.0002605858927112214,
      "timestamp": "2026-04-09T00:00:00.000Z"
    },
    {
      "id": "op1-1763180426179-0.35501489195011315",
      "strategyId": "op1",
      "asset": "ETH-USDC-OPTIONS",
      "side": "sell",
      "amount": 14692.399592828839,
      "price": 0.0002605858927112214,
      "timestamp": "2026-04-10T00:00:00.000Z"
    },
    {
      "id": "op1-1763180427028-0.6439501115663172",
      "strategyId": "op1",
      "asset": "ETH-USDC-OPTIONS",
      "side": "sell",
      "amount": 14682.382486360482,
      "price": 0.0002605858927112214,
      "timestamp": "2026-04-11T00:00:00.000Z"
    },
    {
      "id": "op1-1763180427847-0.37451906336133767",
      "strategyId": "op1",
      "asset": "ETH-USDC-OPTIONS",
      "side": "sell",
      "amount": 14672.369430874729,
      "price": 0.0002605858927112214,
      "timestamp": "2026-04-12T00:00:00.000Z"
    },
    {
      "id": "op1-1763180428667-0.37109794773865834",
      "strategyId": "op1",
      "asset": "ETH-USDC-OPTIONS",
      "side": "sell",
      "amount": 14662.36042228643,
      "price": 0.0002605858927112214,
      "timestamp": "2026-04-13T00:00:00.000Z"
    },
    {
      "id": "op1-1763180429484-0.19985110527850836",
      "strategyId": "op1",
      "asset": "ETH-USDC-OPTIONS",
      "side": "sell",
      "amount": 14652.355456514564,
      "price": 0.0002605858927112214,
      "timestamp": "2026-04-14T00:00:00.000Z"
    },
    {
      "id": "op1-1763180430305-0.3293778008867668",
      "strategyId": "op1",
      "asset": "ETH-USDC-OPTIONS",
      "side": "sell",
      "amount": 14642.354529482218,
      "price": 0.0002605858927112214,
      "timestamp": "2026-04-15T00:00:00.000Z"
    },
    {
      "id": "op1-1763180431124-0.9870563159015434",
      "strategyId": "op1",
      "asset": "ETH-USDC-OPTIONS",
      "side": "sell",
      "amount": 14632.357637116598,
      "price": 0.0002605858927112214,
      "timestamp": "2026-04-16T00:00:00.000Z"
    },
    {
      "id": "op1-1763180431944-0.32929007053818593",
      "strategyId": "op1",
      "asset": "ETH-USDC-OPTIONS",
      "side": "sell",
      "amount": 14622.364775349011,
      "price": 0.0002605858927112214,
      "timestamp": "2026-04-17T00:00:00.000Z"
    },
    {
      "id": "op1-1763180432763-0.3191302999272896",
      "strategyId": "op1",
      "asset": "ETH-USDC-OPTIONS",
      "side": "sell",
      "amount": 14612.375940114875,
      "price": 0.0002605858927112214,
      "timestamp": "2026-04-18T00:00:00.000Z"
    },
    {
      "id": "op1-1763180433595-0.04586577842269113",
      "strategyId": "op1",
      "asset": "ETH-USDC-OPTIONS",
      "side": "sell",
      "amount": 14602.391127353689,
      "price": 0.0002605858927112214,
      "timestamp": "2026-04-19T00:00:00.000Z"
    },
    {
      "id": "op1-1763180434401-0.7818315658291317",
      "strategyId": "op1",
      "asset": "ETH-USDC-OPTIONS",
      "side": "sell",
      "amount": 14592.410333009067,
      "price": 0.0002605858927112214,
      "timestamp": "2026-04-20T00:00:00.000Z"
    },
    {
      "id": "op1-1763180435169-0.28523718518167795",
      "strategyId": "op1",
      "asset": "ETH-USDC-OPTIONS",
      "side": "sell",
      "amount": 14582.433553028704,
      "price": 0.0002605858927112214,
      "timestamp": "2026-04-21T00:00:00.000Z"
    },
    {
      "id": "op1-1763180436130-0.7774572223697125",
      "strategyId": "op1",
      "asset": "ETH-USDC-OPTIONS",
      "side": "sell",
      "amount": 14572.460783364382,
      "price": 0.0002605858927112214,
      "timestamp": "2026-04-22T00:00:00.000Z"
    },
    {
      "id": "op1-1763180437269-0.20078487005585743",
      "strategyId": "op1",
      "asset": "ETH-USDC-OPTIONS",
      "side": "sell",
      "amount": 14562.492019971967,
      "price": 0.0002605858927112214,
      "timestamp": "2026-04-23T00:00:00.000Z"
    },
    {
      "id": "op1-1763180438016-0.2167716340641157",
      "strategyId": "op1",
      "asset": "ETH-USDC-OPTIONS",
      "side": "sell",
      "amount": 14552.527258811402,
      "price": 0.0002605858927112214,
      "timestamp": "2026-04-24T00:00:00.000Z"
    },
    {
      "id": "op1-1763180438702-0.30266875635385704",
      "strategyId": "op1",
      "asset": "ETH-USDC-OPTIONS",
      "side": "sell",
      "amount": 14542.566495846704,
      "price": 0.0002605858927112214,
      "timestamp": "2026-04-25T00:00:00.000Z"
    },
    {
      "id": "op1-1763180439366-0.7853497831843401",
      "strategyId": "op1",
      "asset": "ETH-USDC-OPTIONS",
      "side": "sell",
      "amount": 14532.609727045961,
      "price": 0.0002605858927112214,
      "timestamp": "2026-04-26T00:00:00.000Z"
    },
    {
      "id": "op1-1763180440107-0.6786407320774477",
      "strategyId": "op1",
      "asset": "ETH-USDC-OPTIONS",
      "side": "sell",
      "amount": 14522.656948381322,
      "price": 0.0002605858927112214,
      "timestamp": "2026-04-27T00:00:00.000Z"
    },
    {
      "id": "op1-1763180440853-0.23123759072019323",
      "strategyId": "op1",
      "asset": "ETH-USDC-OPTIONS",
      "side": "sell",
      "amount": 14512.708155829012,
      "price": 0.0002605858927112214,
      "timestamp": "2026-04-28T00:00:00.000Z"
    },
    {
      "id": "op1-1763180441584-0.5937307752679741",
      "strategyId": "op1",
      "asset": "ETH-USDC-OPTIONS",
      "side": "sell",
      "amount": 14502.763345369296,
      "price": 0.0002605858927112214,
      "timestamp": "2026-04-29T00:00:00.000Z"
    },
    {
      "id": "op1-1763180442389-0.7143723031777297",
      "strategyId": "op1",
      "asset": "ETH-USDC-OPTIONS",
      "side": "sell",
      "amount": 14492.8225129865,
      "price": 0.0002605858927112214,
      "timestamp": "2026-04-30T00:00:00.000Z"
    },
    {
      "id": "op1-1763180443208-0.904460568257506",
      "strategyId": "op1",
      "asset": "ETH-USDC-OPTIONS",
      "side": "sell",
      "amount": 14482.885654669006,
      "price": 0.0002605858927112214,
      "timestamp": "2026-05-01T00:00:00.000Z"
    },
    {
      "id": "op1-1763180444027-0.3708132986303737",
      "strategyId": "op1",
      "asset": "ETH-USDC-OPTIONS",
      "side": "sell",
      "amount": 14472.95276640923,
      "price": 0.0002605858927112214,
      "timestamp": "2026-05-02T00:00:00.000Z"
    },
    {
      "id": "op1-1763180444846-0.9757214000186679",
      "strategyId": "op1",
      "asset": "ETH-USDC-OPTIONS",
      "side": "sell",
      "amount": 14463.023844203639,
      "price": 0.0002605858927112214,
      "timestamp": "2026-05-03T00:00:00.000Z"
    },
    {
      "id": "op1-1763180445563-0.22703663778127847",
      "strategyId": "op1",
      "asset": "ETH-USDC-OPTIONS",
      "side": "sell",
      "amount": 14453.098884052732,
      "price": 0.0002605858927112214,
      "timestamp": "2026-05-04T00:00:00.000Z"
    },
    {
      "id": "op1-1763180446382-0.32032672246988203",
      "strategyId": "op1",
      "asset": "ETH-USDC-OPTIONS",
      "side": "sell",
      "amount": 14443.177881961037,
      "price": 0.0002605858927112214,
      "timestamp": "2026-05-05T00:00:00.000Z"
    },
    {
      "id": "op1-1763180447202-0.17059871676733118",
      "strategyId": "op1",
      "asset": "ETH-USDC-OPTIONS",
      "side": "sell",
      "amount": 14433.260833937129,
      "price": 0.0002605858927112214,
      "timestamp": "2026-05-06T00:00:00.000Z"
    },
    {
      "id": "op1-1763180447918-0.4728746951792374",
      "strategyId": "op1",
      "asset": "ETH-USDC-OPTIONS",
      "side": "sell",
      "amount": 14423.347735993579,
      "price": 0.0002605858927112214,
      "timestamp": "2026-05-07T00:00:00.000Z"
    },
    {
      "id": "op1-1763180448737-0.7392251312512705",
      "strategyId": "op1",
      "asset": "ETH-USDC-OPTIONS",
      "side": "sell",
      "amount": 14413.43858414701,
      "price": 0.0002605858927112214,
      "timestamp": "2026-05-08T00:00:00.000Z"
    },
    {
      "id": "op1-1763180449555-0.733347312018248",
      "strategyId": "op1",
      "asset": "ETH-USDC-OPTIONS",
      "side": "sell",
      "amount": 14403.533374418043,
      "price": 0.0002605858927112214,
      "timestamp": "2026-05-09T00:00:00.000Z"
    },
    {
      "id": "op1-1763180450376-0.11782733025873149",
      "strategyId": "op1",
      "asset": "ETH-USDC-OPTIONS",
      "side": "sell",
      "amount": 14393.632102831318,
      "price": 0.0002605858927112214,
      "timestamp": "2026-05-10T00:00:00.000Z"
    },
    {
      "id": "op1-1763180451195-0.6362426495108312",
      "strategyId": "op1",
      "asset": "ETH-USDC-OPTIONS",
      "side": "sell",
      "amount": 14383.734765415476,
      "price": 0.0002605858927112214,
      "timestamp": "2026-05-11T00:00:00.000Z"
    },
    {
      "id": "op1-1763180452014-0.2525511152264429",
      "strategyId": "op1",
      "asset": "ETH-USDC-OPTIONS",
      "side": "sell",
      "amount": 14373.841358203177,
      "price": 0.0002605858927112214,
      "timestamp": "2026-05-12T00:00:00.000Z"
    },
    {
      "id": "op1-1763180452833-0.7003882340176715",
      "strategyId": "op1",
      "asset": "ETH-USDC-OPTIONS",
      "side": "sell",
      "amount": 14363.951877231068,
      "price": 0.0002605858927112214,
      "timestamp": "2026-05-13T00:00:00.000Z"
    },
    {
      "id": "op1-1763180453755-0.7653387491634704",
      "strategyId": "op1",
      "asset": "ETH-USDC-OPTIONS",
      "side": "sell",
      "amount": 14354.066318539804,
      "price": 0.0002605858927112214,
      "timestamp": "2026-05-14T00:00:00.000Z"
    },
    {
      "id": "op1-1763180454472-0.7771398620664112",
      "strategyId": "op1",
      "asset": "ETH-USDC-OPTIONS",
      "side": "sell",
      "amount": 14344.18467817403,
      "price": 0.0002605858927112214,
      "timestamp": "2026-05-15T00:00:00.000Z"
    },
    {
      "id": "op1-1763180455291-0.020168650799401666",
      "strategyId": "op1",
      "asset": "ETH-USDC-OPTIONS",
      "side": "sell",
      "amount": 14334.306952182367,
      "price": 0.0002605858927112214,
      "timestamp": "2026-05-16T00:00:00.000Z"
    },
    {
      "id": "op1-1763180455997-0.49092534162595647",
      "strategyId": "op1",
      "asset": "ETH-USDC-OPTIONS",
      "side": "sell",
      "amount": 14324.43313661744,
      "price": 0.0002605858927112214,
      "timestamp": "2026-05-17T00:00:00.000Z"
    },
    {
      "id": "op1-1763180456723-0.514871405043846",
      "strategyId": "op1",
      "asset": "ETH-USDC-OPTIONS",
      "side": "sell",
      "amount": 14314.563227535844,
      "price": 0.0002605858927112214,
      "timestamp": "2026-05-18T00:00:00.000Z"
    },
    {
      "id": "op1-1763180457544-0.4634821860446844",
      "strategyId": "op1",
      "asset": "ETH-USDC-OPTIONS",
      "side": "sell",
      "amount": 14304.69722099815,
      "price": 0.0002605858927112214,
      "timestamp": "2026-05-19T00:00:00.000Z"
    },
    {
      "id": "op1-1763180458363-0.030204071098710483",
      "strategyId": "op1",
      "asset": "ETH-USDC-OPTIONS",
      "side": "sell",
      "amount": 14294.835113068906,
      "price": 0.0002605858927112214,
      "timestamp": "2026-05-20T00:00:00.000Z"
    },
    {
      "id": "op1-1763180459182-0.0942350673104273",
      "strategyId": "op1",
      "asset": "ETH-USDC-OPTIONS",
      "side": "sell",
      "amount": 14284.976899816626,
      "price": 0.0002605858927112214,
      "timestamp": "2026-05-21T00:00:00.000Z"
    },
    {
      "id": "op1-1763180460001-0.9468017866261773",
      "strategyId": "op1",
      "asset": "ETH-USDC-OPTIONS",
      "side": "sell",
      "amount": 14275.122577313792,
      "price": 0.0002605858927112214,
      "timestamp": "2026-05-22T00:00:00.000Z"
    },
    {
      "id": "op1-1763180460820-0.8831807244611634",
      "strategyId": "op1",
      "asset": "ETH-USDC-OPTIONS",
      "side": "sell",
      "amount": 14265.272141636839,
      "price": 0.0002605858927112214,
      "timestamp": "2026-05-23T00:00:00.000Z"
    },
    {
      "id": "op1-1763180461538-0.8440559473837157",
      "strategyId": "op1",
      "asset": "ETH-USDC-OPTIONS",
      "side": "sell",
      "amount": 14255.425588866166,
      "price": 0.0002605858927112214,
      "timestamp": "2026-05-24T00:00:00.000Z"
    },
    {
      "id": "op1-1763180462357-0.4872215988529033",
      "strategyId": "op1",
      "asset": "ETH-USDC-OPTIONS",
      "side": "sell",
      "amount": 14245.582915086125,
      "price": 0.0002605858927112214,
      "timestamp": "2026-05-25T00:00:00.000Z"
    },
    {
      "id": "op1-1763180463176-0.3306274460519153",
      "strategyId": "op1",
      "asset": "ETH-USDC-OPTIONS",
      "side": "sell",
      "amount": 14235.74411638501,
      "price": 0.0002605858927112214,
      "timestamp": "2026-05-26T00:00:00.000Z"
    },
    {
      "id": "op1-1763180463943-0.2537174468932376",
      "strategyId": "op1",
      "asset": "ETH-USDC-OPTIONS",
      "side": "sell",
      "amount": 14225.909188855065,
      "price": 0.0002605858927112214,
      "timestamp": "2026-05-27T00:00:00.000Z"
    },
    {
      "id": "op1-1763180464712-0.7878006269935673",
      "strategyId": "op1",
      "asset": "ETH-USDC-OPTIONS",
      "side": "sell",
      "amount": 14216.078128592475,
      "price": 0.0002605858927112214,
      "timestamp": "2026-05-28T00:00:00.000Z"
    },
    {
      "id": "op1-1763180465531-0.07373597536436316",
      "strategyId": "op1",
      "asset": "ETH-USDC-OPTIONS",
      "side": "sell",
      "amount": 14206.250931697357,
      "price": 0.0002605858927112214,
      "timestamp": "2026-05-29T00:00:00.000Z"
    },
    {
      "id": "op1-1763180466350-0.2005505315209587",
      "strategyId": "op1",
      "asset": "ETH-USDC-OPTIONS",
      "side": "sell",
      "amount": 14196.427594273766,
      "price": 0.0002605858927112214,
      "timestamp": "2026-05-30T00:00:00.000Z"
    },
    {
      "id": "op1-1763180467014-0.16716810942945326",
      "strategyId": "op1",
      "asset": "ETH-USDC-OPTIONS",
      "side": "sell",
      "amount": 14186.608112429685,
      "price": 0.0002605858927112214,
      "timestamp": "2026-05-31T00:00:00.000Z"
    },
    {
      "id": "op1-1763180467784-0.2917514722560397",
      "strategyId": "op1",
      "asset": "ETH-USDC-OPTIONS",
      "side": "sell",
      "amount": 14176.792482277015,
      "price": 0.0002605858927112214,
      "timestamp": "2026-06-01T00:00:00.000Z"
    },
    {
      "id": "op1-1763180468603-0.0413490110394944",
      "strategyId": "op1",
      "asset": "ETH-USDC-OPTIONS",
      "side": "sell",
      "amount": 14166.98069993159,
      "price": 0.0002605858927112214,
      "timestamp": "2026-06-02T00:00:00.000Z"
    },
    {
      "id": "op1-1763180469523-0.20250728252631156",
      "strategyId": "op1",
      "asset": "ETH-USDC-OPTIONS",
      "side": "sell",
      "amount": 14157.172761513151,
      "price": 0.0002605858927112214,
      "timestamp": "2026-06-03T00:00:00.000Z"
    },
    {
      "id": "op1-1763180470344-0.3561652254343357",
      "strategyId": "op1",
      "asset": "ETH-USDC-OPTIONS",
      "side": "sell",
      "amount": 14147.368663145355,
      "price": 0.0002605858927112214,
      "timestamp": "2026-06-04T00:00:00.000Z"
    },
    {
      "id": "op1-1763180471163-0.045040190942586045",
      "strategyId": "op1",
      "asset": "ETH-USDC-OPTIONS",
      "side": "sell",
      "amount": 14137.568400955768,
      "price": 0.0002605858927112214,
      "timestamp": "2026-06-05T00:00:00.000Z"
    },
    {
      "id": "op1-1763180471982-0.8807287016216017",
      "strategyId": "op1",
      "asset": "ETH-USDC-OPTIONS",
      "side": "sell",
      "amount": 14127.771971075867,
      "price": 0.0002605858927112214,
      "timestamp": "2026-06-06T00:00:00.000Z"
    },
    {
      "id": "op1-1763180472687-0.8985463172384462",
      "strategyId": "op1",
      "asset": "ETH-USDC-OPTIONS",
      "side": "sell",
      "amount": 14117.979369641014,
      "price": 0.0002605858927112214,
      "timestamp": "2026-06-07T00:00:00.000Z"
    },
    {
      "id": "op1-1763180473517-0.04414327521035566",
      "strategyId": "op1",
      "asset": "ETH-USDC-OPTIONS",
      "side": "sell",
      "amount": 14108.190592790488,
      "price": 0.0002605858927112214,
      "timestamp": "2026-06-08T00:00:00.000Z"
    },
    {
      "id": "op1-1763180474338-0.18345097746553862",
      "strategyId": "op1",
      "asset": "ETH-USDC-OPTIONS",
      "side": "sell",
      "amount": 14098.405636667449,
      "price": 0.0002605858927112214,
      "timestamp": "2026-06-09T00:00:00.000Z"
    },
    {
      "id": "op1-1763180475157-0.4877619356881011",
      "strategyId": "op1",
      "asset": "ETH-USDC-OPTIONS",
      "side": "sell",
      "amount": 14088.62449741895,
      "price": 0.0002605858927112214,
      "timestamp": "2026-06-10T00:00:00.000Z"
    },
    {
      "id": "op1-1763180475976-0.4240410286920848",
      "strategyId": "op1",
      "asset": "ETH-USDC-OPTIONS",
      "side": "sell",
      "amount": 14078.847171195926,
      "price": 0.0002605858927112214,
      "timestamp": "2026-06-11T00:00:00.000Z"
    },
    {
      "id": "op1-1763180476867-0.9865416803513293",
      "strategyId": "op1",
      "asset": "ETH-USDC-OPTIONS",
      "side": "sell",
      "amount": 14069.073654153202,
      "price": 0.0002605858927112214,
      "timestamp": "2026-06-12T00:00:00.000Z"
    },
    {
      "id": "op1-1763180477614-0.6070365106637012",
      "strategyId": "op1",
      "asset": "ETH-USDC-OPTIONS",
      "side": "sell",
      "amount": 14059.303942449471,
      "price": 0.0002605858927112214,
      "timestamp": "2026-06-13T00:00:00.000Z"
    },
    {
      "id": "op1-1763180478434-0.37898597676928214",
      "strategyId": "op1",
      "asset": "ETH-USDC-OPTIONS",
      "side": "sell",
      "amount": 14049.538032247301,
      "price": 0.0002605858927112214,
      "timestamp": "2026-06-14T00:00:00.000Z"
    },
    {
      "id": "op1-1763180479253-0.8251306119554984",
      "strategyId": "op1",
      "asset": "ETH-USDC-OPTIONS",
      "side": "sell",
      "amount": 14039.775919713136,
      "price": 0.0002605858927112214,
      "timestamp": "2026-06-15T00:00:00.000Z"
    },
    {
      "id": "op1-1763180480072-0.7302261196080249",
      "strategyId": "op1",
      "asset": "ETH-USDC-OPTIONS",
      "side": "sell",
      "amount": 14030.017601017285,
      "price": 0.0002605858927112214,
      "timestamp": "2026-06-16T00:00:00.000Z"
    },
    {
      "id": "op1-1763180480891-0.6992043180081225",
      "strategyId": "op1",
      "asset": "ETH-USDC-OPTIONS",
      "side": "sell",
      "amount": 14020.26307233391,
      "price": 0.0002605858927112214,
      "timestamp": "2026-06-17T00:00:00.000Z"
    },
    {
      "id": "op1-1763180481711-0.5163719363974756",
      "strategyId": "op1",
      "asset": "ETH-USDC-OPTIONS",
      "side": "sell",
      "amount": 14010.512329841045,
      "price": 0.0002605858927112214,
      "timestamp": "2026-06-18T00:00:00.000Z"
    },
    {
      "id": "op1-1763180482530-0.3671740694942618",
      "strategyId": "op1",
      "asset": "ETH-USDC-OPTIONS",
      "side": "sell",
      "amount": 14000.765369720566,
      "price": 0.0002605858927112214,
      "timestamp": "2026-06-19T00:00:00.000Z"
    },
    {
      "id": "op1-1763180483349-0.864608330754056",
      "strategyId": "op1",
      "asset": "ETH-USDC-OPTIONS",
      "side": "sell",
      "amount": 13991.022188158204,
      "price": 0.0002605858927112214,
      "timestamp": "2026-06-20T00:00:00.000Z"
    },
    {
      "id": "op1-1763180484066-0.6298394876039655",
      "strategyId": "op1",
      "asset": "ETH-USDC-OPTIONS",
      "side": "sell",
      "amount": 13981.282781343536,
      "price": 0.0002605858927112214,
      "timestamp": "2026-06-21T00:00:00.000Z"
    },
    {
      "id": "op1-1763180484783-0.06993973103750373",
      "strategyId": "op1",
      "asset": "ETH-USDC-OPTIONS",
      "side": "sell",
      "amount": 13971.547145469982,
      "price": 0.0002605858927112214,
      "timestamp": "2026-06-22T00:00:00.000Z"
    },
    {
      "id": "op1-1763180485602-0.5874323980328245",
      "strategyId": "op1",
      "asset": "ETH-USDC-OPTIONS",
      "side": "sell",
      "amount": 13961.815276734806,
      "price": 0.0002605858927112214,
      "timestamp": "2026-06-23T00:00:00.000Z"
    },
    {
      "id": "op1-1763180486421-0.023340928708952324",
      "strategyId": "op1",
      "asset": "ETH-USDC-OPTIONS",
      "side": "sell",
      "amount": 13952.087171339093,
      "price": 0.0002605858927112214,
      "timestamp": "2026-06-24T00:00:00.000Z"
    },
    {
      "id": "op1-1763180487140-0.1208769809086313",
      "strategyId": "op1",
      "asset": "ETH-USDC-OPTIONS",
      "side": "sell",
      "amount": 13942.362825487777,
      "price": 0.0002605858927112214,
      "timestamp": "2026-06-25T00:00:00.000Z"
    },
    {
      "id": "op1-1763180487957-0.274332907603971",
      "strategyId": "op1",
      "asset": "ETH-USDC-OPTIONS",
      "side": "sell",
      "amount": 13932.6422353896,
      "price": 0.0002605858927112214,
      "timestamp": "2026-06-26T00:00:00.000Z"
    },
    {
      "id": "op1-1763180488673-0.25569580572484363",
      "strategyId": "op1",
      "asset": "ETH-USDC-OPTIONS",
      "side": "sell",
      "amount": 13922.92539725714,
      "price": 0.0002605858927112214,
      "timestamp": "2026-06-27T00:00:00.000Z"
    },
    {
      "id": "op1-1763180489489-0.8717091410793869",
      "strategyId": "op1",
      "asset": "ETH-USDC-OPTIONS",
      "side": "sell",
      "amount": 13913.212307306792,
      "price": 0.0002605858927112214,
      "timestamp": "2026-06-28T00:00:00.000Z"
    },
    {
      "id": "op1-1763180490312-0.7272826796473476",
      "strategyId": "op1",
      "asset": "ETH-USDC-OPTIONS",
      "side": "sell",
      "amount": 13903.50296175877,
      "price": 0.0002605858927112214,
      "timestamp": "2026-06-29T00:00:00.000Z"
    },
    {
      "id": "op1-1763180491132-0.7016485924432001",
      "strategyId": "op1",
      "asset": "ETH-USDC-OPTIONS",
      "side": "sell",
      "amount": 13893.797356837087,
      "price": 0.0002605858927112214,
      "timestamp": "2026-06-30T00:00:00.000Z"
    },
    {
      "id": "op1-1763180491950-0.10248381971778076",
      "strategyId": "op1",
      "asset": "ETH-USDC-OPTIONS",
      "side": "sell",
      "amount": 13884.095488769577,
      "price": 0.0002605858927112214,
      "timestamp": "2026-07-01T00:00:00.000Z"
    },
    {
      "id": "op1-1763180492611-0.23955205658884682",
      "strategyId": "op1",
      "asset": "ETH-USDC-OPTIONS",
      "side": "sell",
      "amount": 13874.39735378787,
      "price": 0.0002605858927112214,
      "timestamp": "2026-07-02T00:00:00.000Z"
    },
    {
      "id": "op1-1763180493317-0.8087850608665558",
      "strategyId": "op1",
      "asset": "ETH-USDC-OPTIONS",
      "side": "sell",
      "amount": 13864.702948127402,
      "price": 0.0002605858927112214,
      "timestamp": "2026-07-03T00:00:00.000Z"
    },
    {
      "id": "op1-1763180494101-0.43494939038697067",
      "strategyId": "op1",
      "asset": "ETH-USDC-OPTIONS",
      "side": "sell",
      "amount": 13855.012268027405,
      "price": 0.0002605858927112214,
      "timestamp": "2026-07-04T00:00:00.000Z"
    },
    {
      "id": "op1-1763180494920-0.582074388516256",
      "strategyId": "op1",
      "asset": "ETH-USDC-OPTIONS",
      "side": "sell",
      "amount": 13845.325309730892,
      "price": 0.0002605858927112214,
      "timestamp": "2026-07-05T00:00:00.000Z"
    },
    {
      "id": "op1-1763180495637-0.16479212774792573",
      "strategyId": "op1",
      "asset": "ETH-USDC-OPTIONS",
      "side": "sell",
      "amount": 13835.642069484682,
      "price": 0.0002605858927112214,
      "timestamp": "2026-07-06T00:00:00.000Z"
    },
    {
      "id": "op1-1763180496369-0.1458939831620546",
      "strategyId": "op1",
      "asset": "ETH-USDC-OPTIONS",
      "side": "sell",
      "amount": 13825.962543539366,
      "price": 0.0002605858927112214,
      "timestamp": "2026-07-07T00:00:00.000Z"
    },
    {
      "id": "op1-1763180497070-0.838837453520196",
      "strategyId": "op1",
      "asset": "ETH-USDC-OPTIONS",
      "side": "sell",
      "amount": 13816.286728149324,
      "price": 0.0002605858927112214,
      "timestamp": "2026-07-08T00:00:00.000Z"
    },
    {
      "id": "op1-1763180497787-0.4840256689156379",
      "strategyId": "op1",
      "asset": "ETH-USDC-OPTIONS",
      "side": "sell",
      "amount": 13806.614619572709,
      "price": 0.0002605858927112214,
      "timestamp": "2026-07-09T00:00:00.000Z"
    },
    {
      "id": "op1-1763180498606-0.6140790889416221",
      "strategyId": "op1",
      "asset": "ETH-USDC-OPTIONS",
      "side": "sell",
      "amount": 13796.946214071444,
      "price": 0.0002605858927112214,
      "timestamp": "2026-07-10T00:00:00.000Z"
    },
    {
      "id": "op1-1763180499399-0.9113901337529462",
      "strategyId": "op1",
      "asset": "ETH-USDC-OPTIONS",
      "side": "sell",
      "amount": 13787.281507911233,
      "price": 0.0002605858927112214,
      "timestamp": "2026-07-11T00:00:00.000Z"
    },
    {
      "id": "op1-1763180500142-0.8278966105786199",
      "strategyId": "op1",
      "asset": "ETH-USDC-OPTIONS",
      "side": "sell",
      "amount": 13777.620497361531,
      "price": 0.0002605858927112214,
      "timestamp": "2026-07-12T00:00:00.000Z"
    },
    {
      "id": "op1-1763180500859-0.13705484402909207",
      "strategyId": "op1",
      "asset": "ETH-USDC-OPTIONS",
      "side": "sell",
      "amount": 13767.963178695567,
      "price": 0.0002605858927112214,
      "timestamp": "2026-07-13T00:00:00.000Z"
    },
    {
      "id": "op1-1763180501678-0.4346984881438305",
      "strategyId": "op1",
      "asset": "ETH-USDC-OPTIONS",
      "side": "sell",
      "amount": 13758.309548190322,
      "price": 0.0002605858927112214,
      "timestamp": "2026-07-14T00:00:00.000Z"
    },
    {
      "id": "op1-1763180502473-0.7893582355429167",
      "strategyId": "op1",
      "asset": "ETH-USDC-OPTIONS",
      "side": "sell",
      "amount": 13748.659602126536,
      "price": 0.0002605858927112214,
      "timestamp": "2026-07-15T00:00:00.000Z"
    },
    {
      "id": "op1-1763180503215-0.28281266709465247",
      "strategyId": "op1",
      "asset": "ETH-USDC-OPTIONS",
      "side": "sell",
      "amount": 13739.013336788688,
      "price": 0.0002605858927112214,
      "timestamp": "2026-07-16T00:00:00.000Z"
    },
    {
      "id": "op1-1763180503916-0.19702262900116385",
      "strategyId": "op1",
      "asset": "ETH-USDC-OPTIONS",
      "side": "sell",
      "amount": 13729.370748465026,
      "price": 0.0002605858927112214,
      "timestamp": "2026-07-17T00:00:00.000Z"
    },
    {
      "id": "op1-1763180504751-0.5362929970554233",
      "strategyId": "op1",
      "asset": "ETH-USDC-OPTIONS",
      "side": "sell",
      "amount": 13719.731833447517,
      "price": 0.0002605858927112214,
      "timestamp": "2026-07-18T00:00:00.000Z"
    },
    {
      "id": "op1-1763180505414-0.18865806921425854",
      "strategyId": "op1",
      "asset": "ETH-USDC-OPTIONS",
      "side": "sell",
      "amount": 13710.096588031884,
      "price": 0.0002605858927112214,
      "timestamp": "2026-07-19T00:00:00.000Z"
    },
    {
      "id": "op1-1763180506097-0.4885323571677793",
      "strategyId": "op1",
      "asset": "ETH-USDC-OPTIONS",
      "side": "sell",
      "amount": 13700.465008517576,
      "price": 0.0002605858927112214,
      "timestamp": "2026-07-20T00:00:00.000Z"
    },
    {
      "id": "op1-1763180506901-0.1812868225460873",
      "strategyId": "op1",
      "asset": "ETH-USDC-OPTIONS",
      "side": "sell",
      "amount": 13690.837091207779,
      "price": 0.0002605858927112214,
      "timestamp": "2026-07-21T00:00:00.000Z"
    },
    {
      "id": "op1-1763180507720-0.5368592306025483",
      "strategyId": "op1",
      "asset": "ETH-USDC-OPTIONS",
      "side": "sell",
      "amount": 13681.212832409406,
      "price": 0.0002605858927112214,
      "timestamp": "2026-07-22T00:00:00.000Z"
    },
    {
      "id": "op1-1763180508452-0.4608179978096044",
      "strategyId": "op1",
      "asset": "ETH-USDC-OPTIONS",
      "side": "sell",
      "amount": 13671.592228433088,
      "price": 0.0002605858927112214,
      "timestamp": "2026-07-23T00:00:00.000Z"
    },
    {
      "id": "op1-1763180509244-0.20875126505657826",
      "strategyId": "op1",
      "asset": "ETH-USDC-OPTIONS",
      "side": "sell",
      "amount": 13661.975275593191,
      "price": 0.0002605858927112214,
      "timestamp": "2026-07-24T00:00:00.000Z"
    },
    {
      "id": "op1-1763180509973-0.6512724142205272",
      "strategyId": "op1",
      "asset": "ETH-USDC-OPTIONS",
      "side": "sell",
      "amount": 13652.36197020778,
      "price": 0.0002605858927112214,
      "timestamp": "2026-07-25T00:00:00.000Z"
    },
    {
      "id": "op1-1763180510690-0.6746426229616169",
      "strategyId": "op1",
      "asset": "ETH-USDC-OPTIONS",
      "side": "sell",
      "amount": 13642.75230859865,
      "price": 0.0002605858927112214,
      "timestamp": "2026-07-26T00:00:00.000Z"
    },
    {
      "id": "op1-1763180511507-0.3115790374598737",
      "strategyId": "op1",
      "asset": "ETH-USDC-OPTIONS",
      "side": "sell",
      "amount": 13633.14628709129,
      "price": 0.0002605858927112214,
      "timestamp": "2026-07-27T00:00:00.000Z"
    },
    {
      "id": "op1-1763180512328-0.45790343500982633",
      "strategyId": "op1",
      "asset": "ETH-USDC-OPTIONS",
      "side": "sell",
      "amount": 13623.5439020149,
      "price": 0.0002605858927112214,
      "timestamp": "2026-07-28T00:00:00.000Z"
    },
    {
      "id": "op1-1763180513151-0.5185402937298402",
      "strategyId": "op1",
      "asset": "ETH-USDC-OPTIONS",
      "side": "sell",
      "amount": 13613.945149702391,
      "price": 0.0002605858927112214,
      "timestamp": "2026-07-29T00:00:00.000Z"
    },
    {
      "id": "op1-1763180513967-0.27223544870377214",
      "strategyId": "op1",
      "asset": "ETH-USDC-OPTIONS",
      "side": "sell",
      "amount": 13604.35002649036,
      "price": 0.0002605858927112214,
      "timestamp": "2026-07-30T00:00:00.000Z"
    },
    {
      "id": "op1-1763180514786-0.7282186399779893",
      "strategyId": "op1",
      "asset": "ETH-USDC-OPTIONS",
      "side": "sell",
      "amount": 13594.758528719101,
      "price": 0.0002605858927112214,
      "timestamp": "2026-07-31T00:00:00.000Z"
    },
    {
      "id": "op1-1763180515707-0.315194159101157",
      "strategyId": "op1",
      "asset": "ETH-USDC-OPTIONS",
      "side": "sell",
      "amount": 13585.1706527326,
      "price": 0.0002605858927112214,
      "timestamp": "2026-08-01T00:00:00.000Z"
    },
    {
      "id": "op1-1763180516527-0.9143631749593227",
      "strategyId": "op1",
      "asset": "ETH-USDC-OPTIONS",
      "side": "sell",
      "amount": 13575.586394878534,
      "price": 0.0002605858927112214,
      "timestamp": "2026-08-02T00:00:00.000Z"
    },
    {
      "id": "op1-1763180517361-0.6447570279398578",
      "strategyId": "op1",
      "asset": "ETH-USDC-OPTIONS",
      "side": "sell",
      "amount": 13566.005751508254,
      "price": 0.0002605858927112214,
      "timestamp": "2026-08-03T00:00:00.000Z"
    },
    {
      "id": "op1-1763180518165-0.19745470420243993",
      "strategyId": "op1",
      "asset": "ETH-USDC-OPTIONS",
      "side": "sell",
      "amount": 13556.4287189768,
      "price": 0.0002605858927112214,
      "timestamp": "2026-08-04T00:00:00.000Z"
    },
    {
      "id": "op1-1763180518984-0.8670766090619653",
      "strategyId": "op1",
      "asset": "ETH-USDC-OPTIONS",
      "side": "sell",
      "amount": 13546.855293642879,
      "price": 0.0002605858927112214,
      "timestamp": "2026-08-05T00:00:00.000Z"
    },
    {
      "id": "op1-1763180519803-0.847487461460238",
      "strategyId": "op1",
      "asset": "ETH-USDC-OPTIONS",
      "side": "sell",
      "amount": 13537.285471868876,
      "price": 0.0002605858927112214,
      "timestamp": "2026-08-06T00:00:00.000Z"
    },
    {
      "id": "op1-1763180520562-0.49537762690821696",
      "strategyId": "op1",
      "asset": "ETH-USDC-OPTIONS",
      "side": "sell",
      "amount": 13527.71925002084,
      "price": 0.0002605858927112214,
      "timestamp": "2026-08-07T00:00:00.000Z"
    },
    {
      "id": "op1-1763180521286-0.5207534997223908",
      "strategyId": "op1",
      "asset": "ETH-USDC-OPTIONS",
      "side": "sell",
      "amount": 13518.156624468493,
      "price": 0.0002605858927112214,
      "timestamp": "2026-08-08T00:00:00.000Z"
    },
    {
      "id": "op1-1763180522056-0.15896278624715854",
      "strategyId": "op1",
      "asset": "ETH-USDC-OPTIONS",
      "side": "sell",
      "amount": 13508.597591585203,
      "price": 0.0002605858927112214,
      "timestamp": "2026-08-09T00:00:00.000Z"
    },
    {
      "id": "op1-1763180522874-0.4345488519859996",
      "strategyId": "op1",
      "asset": "ETH-USDC-OPTIONS",
      "side": "sell",
      "amount": 13499.042147748012,
      "price": 0.0002605858927112214,
      "timestamp": "2026-08-10T00:00:00.000Z"
    },
    {
      "id": "op1-1763180523695-0.23460612395269909",
      "strategyId": "op1",
      "asset": "ETH-USDC-OPTIONS",
      "side": "sell",
      "amount": 13489.490289337606,
      "price": 0.0002605858927112214,
      "timestamp": "2026-08-11T00:00:00.000Z"
    },
    {
      "id": "op1-1763180524514-0.391083575073363",
      "strategyId": "op1",
      "asset": "ETH-USDC-OPTIONS",
      "side": "sell",
      "amount": 13479.942012738318,
      "price": 0.0002605858927112214,
      "timestamp": "2026-08-12T00:00:00.000Z"
    },
    {
      "id": "op1-1763180525333-0.9240512379160499",
      "strategyId": "op1",
      "asset": "ETH-USDC-OPTIONS",
      "side": "sell",
      "amount": 13470.397314338137,
      "price": 0.0002605858927112214,
      "timestamp": "2026-08-13T00:00:00.000Z"
    },
    {
      "id": "op1-1763180526152-0.057065460682022784",
      "strategyId": "op1",
      "asset": "ETH-USDC-OPTIONS",
      "side": "sell",
      "amount": 13460.856190528686,
      "price": 0.0002605858927112214,
      "timestamp": "2026-08-14T00:00:00.000Z"
    },
    {
      "id": "op1-1763180526971-0.10871364044672693",
      "strategyId": "op1",
      "asset": "ETH-USDC-OPTIONS",
      "side": "sell",
      "amount": 13451.318637705228,
      "price": 0.0002605858927112214,
      "timestamp": "2026-08-15T00:00:00.000Z"
    },
    {
      "id": "op1-1763180527685-0.658889108459137",
      "strategyId": "op1",
      "asset": "ETH-USDC-OPTIONS",
      "side": "sell",
      "amount": 13441.78465226667,
      "price": 0.0002605858927112214,
      "timestamp": "2026-08-16T00:00:00.000Z"
    },
    {
      "id": "op1-1763180528365-0.2098585821179264",
      "strategyId": "op1",
      "asset": "ETH-USDC-OPTIONS",
      "side": "sell",
      "amount": 13432.254230615536,
      "price": 0.0002605858927112214,
      "timestamp": "2026-08-17T00:00:00.000Z"
    },
    {
      "id": "op1-1763180528920-0.37442052143538207",
      "strategyId": "op1",
      "asset": "ETH-USDC-OPTIONS",
      "side": "sell",
      "amount": 13422.727369157989,
      "price": 0.0002605858927112214,
      "timestamp": "2026-08-18T00:00:00.000Z"
    },
    {
      "id": "op1-1763180529525-0.21443562337879496",
      "strategyId": "op1",
      "asset": "ETH-USDC-OPTIONS",
      "side": "sell",
      "amount": 13413.204064303813,
      "price": 0.0002605858927112214,
      "timestamp": "2026-08-19T00:00:00.000Z"
    },
    {
      "id": "op1-1763180530168-0.0752832305144171",
      "strategyId": "op1",
      "asset": "ETH-USDC-OPTIONS",
      "side": "sell",
      "amount": 13403.684312466408,
      "price": 0.0002605858927112214,
      "timestamp": "2026-08-20T00:00:00.000Z"
    },
    {
      "id": "op1-1763180530790-0.2038057865820878",
      "strategyId": "op1",
      "asset": "ETH-USDC-OPTIONS",
      "side": "sell",
      "amount": 13394.1681100628,
      "price": 0.0002605858927112214,
      "timestamp": "2026-08-21T00:00:00.000Z"
    },
    {
      "id": "op1-1763180531433-0.10899684653216091",
      "strategyId": "op1",
      "asset": "ETH-USDC-OPTIONS",
      "side": "sell",
      "amount": 13384.655453513617,
      "price": 0.0002605858927112214,
      "timestamp": "2026-08-22T00:00:00.000Z"
    },
    {
      "id": "op1-1763180532399-0.21151197383005438",
      "strategyId": "op1",
      "asset": "ETH-USDC-OPTIONS",
      "side": "sell",
      "amount": 13375.146339243107,
      "price": 0.0002605858927112214,
      "timestamp": "2026-08-23T00:00:00.000Z"
    },
    {
      "id": "op1-1763180533218-0.8113153883567675",
      "strategyId": "op1",
      "asset": "ETH-USDC-OPTIONS",
      "side": "sell",
      "amount": 13365.64076367912,
      "price": 0.0002605858927112214,
      "timestamp": "2026-08-24T00:00:00.000Z"
    },
    {
      "id": "op1-1763180533935-0.5319320200253017",
      "strategyId": "op1",
      "asset": "ETH-USDC-OPTIONS",
      "side": "sell",
      "amount": 13356.138723253101,
      "price": 0.0002605858927112214,
      "timestamp": "2026-08-25T00:00:00.000Z"
    },
    {
      "id": "op1-1763180534769-0.059138718095338993",
      "strategyId": "op1",
      "asset": "ETH-USDC-OPTIONS",
      "side": "sell",
      "amount": 13346.640214400111,
      "price": 0.0002605858927112214,
      "timestamp": "2026-08-26T00:00:00.000Z"
    },
    {
      "id": "op1-1763180535573-0.004868143694869875",
      "strategyId": "op1",
      "asset": "ETH-USDC-OPTIONS",
      "side": "sell",
      "amount": 13337.145233558786,
      "price": 0.0002605858927112214,
      "timestamp": "2026-08-27T00:00:00.000Z"
    },
    {
      "id": "op1-1763180536392-0.23194624923527407",
      "strategyId": "op1",
      "asset": "ETH-USDC-OPTIONS",
      "side": "sell",
      "amount": 13327.653777171367,
      "price": 0.0002605858927112214,
      "timestamp": "2026-08-28T00:00:00.000Z"
    },
    {
      "id": "op1-1763180537211-0.6272324232468188",
      "strategyId": "op1",
      "asset": "ETH-USDC-OPTIONS",
      "side": "sell",
      "amount": 13318.165841683676,
      "price": 0.0002605858927112214,
      "timestamp": "2026-08-29T00:00:00.000Z"
    },
    {
      "id": "op1-1763180538031-0.25010489130123115",
      "strategyId": "op1",
      "asset": "ETH-USDC-OPTIONS",
      "side": "sell",
      "amount": 13308.681423545126,
      "price": 0.0002605858927112214,
      "timestamp": "2026-08-30T00:00:00.000Z"
    },
    {
      "id": "op1-1763180538850-0.27619465036825075",
      "strategyId": "op1",
      "asset": "ETH-USDC-OPTIONS",
      "side": "sell",
      "amount": 13299.200519208704,
      "price": 0.0002605858927112214,
      "timestamp": "2026-08-31T00:00:00.000Z"
    },
    {
      "id": "op1-1763180539567-0.326129536775998",
      "strategyId": "op1",
      "asset": "ETH-USDC-OPTIONS",
      "side": "sell",
      "amount": 13289.723125130971,
      "price": 0.0002605858927112214,
      "timestamp": "2026-09-01T00:00:00.000Z"
    },
    {
      "id": "op1-1763180540386-0.8634031100377727",
      "strategyId": "op1",
      "asset": "ETH-USDC-OPTIONS",
      "side": "sell",
      "amount": 13280.249237772076,
      "price": 0.0002605858927112214,
      "timestamp": "2026-09-02T00:00:00.000Z"
    },
    {
      "id": "op1-1763180541205-0.20624214261209284",
      "strategyId": "op1",
      "asset": "ETH-USDC-OPTIONS",
      "side": "sell",
      "amount": 13270.77885359572,
      "price": 0.0002605858927112214,
      "timestamp": "2026-09-03T00:00:00.000Z"
    },
    {
      "id": "op1-1763180542012-0.7561011654025463",
      "strategyId": "op1",
      "asset": "ETH-USDC-OPTIONS",
      "side": "sell",
      "amount": 13261.311969069182,
      "price": 0.0002605858927112214,
      "timestamp": "2026-09-04T00:00:00.000Z"
    },
    {
      "id": "op1-1763180542844-0.6093061528001213",
      "strategyId": "op1",
      "asset": "ETH-USDC-OPTIONS",
      "side": "sell",
      "amount": 13251.8485806633,
      "price": 0.0002605858927112214,
      "timestamp": "2026-09-05T00:00:00.000Z"
    },
    {
      "id": "op1-1763180543663-0.6984392458488277",
      "strategyId": "op1",
      "asset": "ETH-USDC-OPTIONS",
      "side": "sell",
      "amount": 13242.388684852469,
      "price": 0.0002605858927112214,
      "timestamp": "2026-09-06T00:00:00.000Z"
    },
    {
      "id": "op1-1763180544482-0.8699873641756556",
      "strategyId": "op1",
      "asset": "ETH-USDC-OPTIONS",
      "side": "sell",
      "amount": 13232.932278114642,
      "price": 0.0002605858927112214,
      "timestamp": "2026-09-07T00:00:00.000Z"
    },
    {
      "id": "op1-1763180545253-0.7284636255679593",
      "strategyId": "op1",
      "asset": "ETH-USDC-OPTIONS",
      "side": "sell",
      "amount": 13223.479356931322,
      "price": 0.0002605858927112214,
      "timestamp": "2026-09-08T00:00:00.000Z"
    },
    {
      "id": "op1-1763180546018-0.8648900138303958",
      "strategyId": "op1",
      "asset": "ETH-USDC-OPTIONS",
      "side": "sell",
      "amount": 13214.02991778756,
      "price": 0.0002605858927112214,
      "timestamp": "2026-09-09T00:00:00.000Z"
    }
  ],
  "positions": [
    {
      "id": "vp1-ETH-USDC",
      "strategyId": "vp1",
      "asset": "ETH-USDC",
      "amount": 0,
      "entryPrice": 1,
      "currentPrice": 1
    },
    {
      "id": "op1-lp-1763180278037",
      "strategyId": "op1",
      "asset": "ETH-USDC-LP",
      "amount": 28447.483226854107,
      "entryPrice": 0.00023208959386179632,
      "currentPrice": 1
    }
  ],
  "historicalValues": [
    100000,
    143056.94740350076,
    141852.91338369215,
    141789.83899971118,
    141725.12171999132,
    141670.2615081332,
    141625.78779309365,
    141592.31109754316,
    141561.3286243187,
    141519.17128946487,
    141477.32851920114,
    141449.41439614986,
    141420.3964555384,
    141394.35657754005,
    141370.4644204511,
    141343.82888545538,
    141316.18539378454,
