{
  "metrics": {
    "totalReturn": -54.29451521336539,
    "sharpeRatio": -0.12898932321504264,
    "maxDrawdown": 64.79480650193359,
    "finalValue": 45705.48478663461
  },
  "trades": [
    {
      "id": "vp1-1763181689750-0.9210394096115717",
      "strategyId": "vp1",
      "asset": "ETH",
      "side": "buy",
      "amount": 20000,
      "price": 2353.6274588927404,
      "timestamp": "2024-01-01T00:00:00.000Z"
    },
    {
      "id": "vp1-1763181689750-0.09857337556668966",
      "strategyId": "vp1",
      "asset": "USDC",
      "side": "buy",
      "amount": 20000,
      "price": 2353.6274588927404,
      "timestamp": "2024-01-01T00:00:00.000Z"
    },
    {
      "id": "op1-1763181689752-0.24944299055238084",
      "strategyId": "op1",
      "asset": "ETH-USDC-OPTIONS",
      "side": "sell",
      "amount": 11988,
      "price": 2348.9249065273207,
      "timestamp": "2024-01-01T00:00:00.000Z"
    },
    {
      "id": "vp1-1763181690143-0.8389617100846496",
      "strategyId": "vp1",
      "asset": "ETH",
      "side": "buy",
      "amount": 25965.194475721266,
      "price": 2358.331680314217,
      "timestamp": "2024-01-02T00:00:00.000Z"
    },
    {
      "id": "vp1-1763181690143-0.7379795808870209",
      "strategyId": "vp1",
      "asset": "USDC",
      "side": "buy",
      "amount": 25965.194475721266,
      "price": 2358.331680314217,
      "timestamp": "2024-01-02T00:00:00.000Z"
    },
    {
      "id": "op1-1763181690144-0.8974385716021405",
      "strategyId": "op1",
      "asset": "ETH-USDC-OPTIONS",
      "side": "sell",
      "amount": 15567.116685432758,
      "price": 2353.6197289049983,
      "timestamp": "2024-01-02T00:00:00.000Z"
    },
    {
      "id": "vp1-1763181690654-0.9843115816045218",
      "strategyId": "vp1",
      "asset": "ETH",
      "side": "buy",
      "amount": 25936.766497410346,
      "price": 2212.3952349018505,
      "timestamp": "2024-01-03T00:00:00.000Z"
    },
    {
      "id": "vp1-1763181690654-0.513063239368392",
      "strategyId": "vp1",
      "asset": "USDC",
      "side": "buy",
      "amount": 25936.766497410346,
      "price": 2212.3952349018505,
      "timestamp": "2024-01-03T00:00:00.000Z"
    },
    {
      "id": "op1-1763181690655-0.8081513297084375",
      "strategyId": "op1",
      "asset": "ETH-USDC-OPTIONS",
      "side": "sell",
      "amount": 15550.059898446207,
      "price": 2207.974864802147,
      "timestamp": "2024-01-03T00:00:00.000Z"
    },
    {
      "id": "vp1-1763181691269-0.6301489055417919",
      "strategyId": "vp1",
      "asset": "ETH",
      "side": "buy",
      "amount": 25906.13627931998,
      "price": 2272.0157435689944,
      "timestamp": "2024-01-04T00:00:00.000Z"
    },
    {
      "id": "vp1-1763181691269-0.4034460260878149",
      "strategyId": "vp1",
      "asset": "USDC",
      "side": "buy",
      "amount": 25906.13627931998,
      "price": 2272.0157435689944,
      "timestamp": "2024-01-04T00:00:00.000Z"
    },
    {
      "id": "op1-1763181691269-0.2683599478506269",
      "strategyId": "op1",
      "asset": "ETH-USDC-OPTIONS",
      "side": "sell",
      "amount": 15531.681767591988,
      "price": 2267.4762515738516,
      "timestamp": "2024-01-04T00:00:00.000Z"
    },
    {
      "id": "vp1-1763181691989-0.39922956365312867",
      "strategyId": "vp1",
      "asset": "ETH",
      "side": "buy",
      "amount": 25877.35253480648,
      "price": 2271.6389418332164,
      "timestamp": "2024-01-05T00:00:00.000Z"
    },
    {
      "id": "vp1-1763181691989-0.12341416840622277",
      "strategyId": "vp1",
      "asset": "USDC",
      "side": "buy",
      "amount": 25877.35253480648,
      "price": 2271.6389418332164,
      "timestamp": "2024-01-05T00:00:00.000Z"
    },
    {
      "id": "op1-1763181691989-0.64158307640623",
      "strategyId": "op1",
      "asset": "ETH-USDC-OPTIONS",
      "side": "sell",
      "amount": 15514.411520883887,
      "price": 2267.100202688695,
      "timestamp": "2024-01-05T00:00:00.000Z"
    },
    {
      "id": "vp1-1763181692805-0.5865236449288279",
      "strategyId": "vp1",
      "asset": "ETH",
      "side": "buy",
      "amount": 25848.55001375591,
      "price": 2242.9464825168693,
      "timestamp": "2024-01-06T00:00:00.000Z"
    },
    {
      "id": "vp1-1763181692805-0.6512387926616321",
      "strategyId": "vp1",
      "asset": "USDC",
      "side": "buy",
      "amount": 25848.55001375591,
      "price": 2242.9464825168693,
      "timestamp": "2024-01-06T00:00:00.000Z"
    },
    {
      "id": "op1-1763181692805-0.1325897649761827",
      "strategyId": "op1",
      "asset": "ETH-USDC-OPTIONS",
      "side": "sell",
      "amount": 15497.130008253545,
      "price": 2238.4650709633893,
      "timestamp": "2024-01-06T00:00:00.000Z"
    },
    {
      "id": "vp1-1763181693811-0.9609203641065386",
      "strategyId": "vp1",
      "asset": "ETH",
      "side": "buy",
      "amount": 25818.729745709716,
      "price": 2223.526756232825,
      "timestamp": "2024-01-07T00:00:00.000Z"
    },
    {
      "id": "vp1-1763181693811-0.6412597620699585",
      "strategyId": "vp1",
      "asset": "USDC",
      "side": "buy",
      "amount": 25818.729745709716,
      "price": 2223.526756232825,
      "timestamp": "2024-01-07T00:00:00.000Z"
    },
    {
      "id": "op1-1763181693811-0.6660772381158309",
      "strategyId": "op1",
      "asset": "ETH-USDC-OPTIONS",
      "side": "sell",
      "amount": 15479.23784742583,
      "price": 2219.084145331261,
      "timestamp": "2024-01-07T00:00:00.000Z"
    },
    {
      "id": "vp1-1763181694836-0.12927858949207016",
      "strategyId": "vp1",
      "asset": "ETH",
      "side": "buy",
      "amount": 25788.08630900147,
      "price": 2334.923013290811,
      "timestamp": "2024-01-08T00:00:00.000Z"
    },
    {
      "id": "vp1-1763181694836-0.8708360328233837",
      "strategyId": "vp1",
      "asset": "USDC",
      "side": "buy",
      "amount": 25788.08630900147,
      "price": 2334.923013290811,
      "timestamp": "2024-01-08T00:00:00.000Z"
    },
    {
      "id": "op1-1763181694836-0.3574350545712718",
      "strategyId": "op1",
      "asset": "ETH-USDC-OPTIONS",
      "side": "sell",
      "amount": 15460.851785400882,
      "price": 2330.2578324450756,
      "timestamp": "2024-01-08T00:00:00.000Z"
    },
    {
      "id": "vp1-1763181695979-0.39169240403001093",
      "strategyId": "vp1",
      "asset": "ETH",
      "side": "buy",
      "amount": 25759.89737616836,
      "price": 2347.6249132768253,
      "timestamp": "2024-01-09T00:00:00.000Z"
    },
    {
      "id": "vp1-1763181695979-0.6970617627978668",
      "strategyId": "vp1",
      "asset": "USDC",
      "side": "buy",
      "amount": 25759.89737616836,
      "price": 2347.6249132768253,
      "timestamp": "2024-01-09T00:00:00.000Z"
    },
    {
      "id": "op1-1763181695979-0.16505654190891594",
      "strategyId": "op1",
      "asset": "ETH-USDC-OPTIONS",
      "side": "sell",
      "amount": 15443.938425701013,
      "price": 2342.934354009539,
      "timestamp": "2024-01-09T00:00:00.000Z"
    },
    {
      "id": "vp1-1763181697106-0.49431115554191674",
      "strategyId": "vp1",
      "asset": "ETH",
      "side": "buy",
      "amount": 25731.892284017358,
      "price": 2585.99878557103,
      "timestamp": "2024-01-10T00:00:00.000Z"
    },
    {
      "id": "vp1-1763181697106-0.6249320759495615",
      "strategyId": "vp1",
      "asset": "USDC",
      "side": "buy",
      "amount": 25731.892284017358,
      "price": 2585.99878557103,
      "timestamp": "2024-01-10T00:00:00.000Z"
    },
    {
      "id": "op1-1763181697106-0.20255344896218486",
      "strategyId": "op1",
      "asset": "ETH-USDC-OPTIONS",
      "side": "sell",
      "amount": 15427.135370410415,
      "price": 2580.831954830629,
      "timestamp": "2024-01-10T00:00:00.000Z"
    },
    {
      "id": "vp1-1763181698539-0.8578440563375703",
      "strategyId": "vp1",
      "asset": "ETH",
      "side": "buy",
      "amount": 25697.43798247943,
      "price": 2620.4356860880016,
      "timestamp": "2024-01-11T00:00:00.000Z"
    },
    {
      "id": "vp1-1763181698539-0.09963329596160653",
      "strategyId": "vp1",
      "asset": "USDC",
      "side": "buy",
      "amount": 25697.43798247943,
      "price": 2620.4356860880016,
      "timestamp": "2024-01-11T00:00:00.000Z"
    },
    {
      "id": "op1-1763181698539-0.19281329768651634",
      "strategyId": "op1",
      "asset": "ETH-USDC-OPTIONS",
      "side": "sell",
      "amount": 15406.462789487656,
      "price": 2615.2000503515624,
      "timestamp": "2024-01-11T00:00:00.000Z"
    },
    {
      "id": "vp1-1763181701099-0.8780697773056468",
      "strategyId": "vp1",
      "asset": "ETH",
      "side": "buy",
      "amount": 25660.9948707532,
      "price": 2524.187112915272,
      "timestamp": "2024-01-12T00:00:00.000Z"
    },
    {
      "id": "vp1-1763181701099-0.5758866717225102",
      "strategyId": "vp1",
      "asset": "USDC",
      "side": "buy",
      "amount": 25660.9948707532,
      "price": 2524.187112915272,
      "timestamp": "2024-01-12T00:00:00.000Z"
    },
    {
      "id": "op1-1763181701099-0.7424952373236052",
      "strategyId": "op1",
      "asset": "ETH-USDC-OPTIONS",
      "side": "sell",
      "amount": 15384.59692245192,
      "price": 2519.1437820203364,
      "timestamp": "2024-01-12T00:00:00.000Z"
    },
    {
      "id": "vp1-1763181703557-0.8653901765576116",
      "strategyId": "vp1",
      "asset": "ETH",
      "side": "buy",
      "amount": 25629.693536036815,
      "price": 2579.800235131231,
      "timestamp": "2024-01-13T00:00:00.000Z"
    },
    {
      "id": "vp1-1763181703557-0.5737951815758218",
      "strategyId": "vp1",
      "asset": "USDC",
      "side": "buy",
      "amount": 25629.693536036815,
      "price": 2579.800235131231,
      "timestamp": "2024-01-13T00:00:00.000Z"
    },
    {
      "id": "op1-1763181703557-0.4123867883871747",
      "strategyId": "op1",
      "asset": "ETH-USDC-OPTIONS",
      "side": "sell",
      "amount": 15365.816121622089,
      "price": 2574.645789106993,
      "timestamp": "2024-01-13T00:00:00.000Z"
    },
    {
      "id": "vp1-1763181706322-0.21483376724400371",
      "strategyId": "vp1",
      "asset": "ETH",
      "side": "buy",
      "amount": 25595.703317763495,
      "price": 2473.887527741933,
      "timestamp": "2024-01-14T00:00:00.000Z"
    },
    {
      "id": "vp1-1763181706322-0.7066202905385417",
      "strategyId": "vp1",
      "asset": "USDC",
      "side": "buy",
      "amount": 25595.703317763495,
      "price": 2473.887527741933,
      "timestamp": "2024-01-14T00:00:00.000Z"
    },
    {
      "id": "op1-1763181706322-0.6135766816960825",
      "strategyId": "op1",
      "asset": "ETH-USDC-OPTIONS",
      "side": "sell",
      "amount": 15345.421990658097,
      "price": 2468.9446955186727,
      "timestamp": "2024-01-14T00:00:00.000Z"
    },
    {
      "id": "vp1-1763181709189-0.5049391234327512",
      "strategyId": "vp1",
      "asset": "ETH",
      "side": "buy",
      "amount": 25566.08501361932,
      "price": 2513.2787714960364,
      "timestamp": "2024-01-15T00:00:00.000Z"
    },
    {
      "id": "vp1-1763181709189-0.6486895558436746",
      "strategyId": "vp1",
      "asset": "USDC",
      "side": "buy",
      "amount": 25566.08501361932,
      "price": 2513.2787714960364,
      "timestamp": "2024-01-15T00:00:00.000Z"
    },
    {
      "id": "op1-1763181709189-0.9512383950645399",
      "strategyId": "op1",
      "asset": "ETH-USDC-OPTIONS",
      "side": "sell",
      "amount": 15327.65100817159,
      "price": 2508.2572354890517,
      "timestamp": "2024-01-15T00:00:00.000Z"
    },
    {
      "id": "vp1-1763181711851-0.35197285662775",
      "strategyId": "vp1",
      "asset": "ETH",
      "side": "buy",
      "amount": 25535.03784608698,
      "price": 2590.3176852974175,
      "timestamp": "2024-01-16T00:00:00.000Z"
    },
    {
      "id": "vp1-1763181711851-0.983971518588716",
      "strategyId": "vp1",
      "asset": "USDC",
      "side": "buy",
      "amount": 25535.03784608698,
      "price": 2590.3176852974175,
      "timestamp": "2024-01-16T00:00:00.000Z"
    },
    {
      "id": "op1-1763181711852-0.41746801275660217",
      "strategyId": "op1",
      "asset": "ETH-USDC-OPTIONS",
      "side": "sell",
      "amount": 15309.022707652188,
      "price": 2585.1422253867336,
      "timestamp": "2024-01-16T00:00:00.000Z"
    },
    {
      "id": "vp1-1763181714599-0.1376492547351701",
      "strategyId": "vp1",
      "asset": "ETH",
      "side": "buy",
      "amount": 25500.288263455284,
      "price": 2529.454320893209,
      "timestamp": "2024-01-17T00:00:00.000Z"
    },
    {
      "id": "vp1-1763181714599-0.5268928182949523",
      "strategyId": "vp1",
      "asset": "USDC",
      "side": "buy",
      "amount": 25500.288263455284,
      "price": 2529.454320893209,
      "timestamp": "2024-01-17T00:00:00.000Z"
    },
    {
      "id": "op1-1763181714599-0.5848110629433461",
      "strategyId": "op1",
      "asset": "ETH-USDC-OPTIONS",
      "side": "sell",
      "amount": 15288.17295807317,
      "price": 2524.40046610621,
      "timestamp": "2024-01-17T00:00:00.000Z"
    },
    {
      "id": "vp1-1763181717805-0.9422664363442447",
      "strategyId": "vp1",
      "asset": "ETH",
      "side": "buy",
      "amount": 25468.46210142251,
      "price": 2469.089502935189,
      "timestamp": "2024-01-18T00:00:00.000Z"
    },
    {
      "id": "vp1-1763181717805-0.15662866537793474",
      "strategyId": "vp1",
      "asset": "USDC",
      "side": "buy",
      "amount": 25468.46210142251,
      "price": 2469.089502935189,
      "timestamp": "2024-01-18T00:00:00.000Z"
    },
    {
      "id": "op1-1763181717806-0.6631156188681286",
      "strategyId": "op1",
      "asset": "ETH-USDC-OPTIONS",
      "side": "sell",
      "amount": 15269.077260853504,
      "price": 2464.156257175079,
      "timestamp": "2024-01-18T00:00:00.000Z"
    },
    {
      "id": "vp1-1763181720863-0.42332101649323883",
      "strategyId": "vp1",
      "asset": "ETH",
      "side": "buy",
      "amount": 25438.763072481124,
      "price": 2491.4523940273075,
      "timestamp": "2024-01-19T00:00:00.000Z"
    },
    {
      "id": "vp1-1763181720863-0.14633102549534938",
      "strategyId": "vp1",
      "asset": "USDC",
      "side": "buy",
      "amount": 25438.763072481124,
      "price": 2491.4523940273075,
      "timestamp": "2024-01-19T00:00:00.000Z"
    },
    {
      "id": "op1-1763181720863-0.8808178537801538",
      "strategyId": "op1",
      "asset": "ETH-USDC-OPTIONS",
      "side": "sell",
      "amount": 15251.257843488675,
      "price": 2486.474467166114,
      "timestamp": "2024-01-19T00:00:00.000Z"
    },
    {
      "id": "vp1-1763181723137-0.653126465193701",
      "strategyId": "vp1",
      "asset": "ETH",
      "side": "buy",
      "amount": 25408.33202210994,
      "price": 2471.414455376217,
      "timestamp": "2024-01-20T00:00:00.000Z"
    },
    {
      "id": "vp1-1763181723137-0.4625057517841473",
      "strategyId": "vp1",
      "asset": "USDC",
      "side": "buy",
      "amount": 25408.33202210994,
      "price": 2471.414455376217,
      "timestamp": "2024-01-20T00:00:00.000Z"
    },
    {
      "id": "op1-1763181723137-0.3541038092300871",
      "strategyId": "op1",
      "asset": "ETH-USDC-OPTIONS",
      "side": "sell",
      "amount": 15232.999213265963,
      "price": 2466.4765643564847,
      "timestamp": "2024-01-20T00:00:00.000Z"
    },
    {
      "id": "vp1-1763181726290-0.054734189403019995",
      "strategyId": "vp1",
      "asset": "ETH",
      "side": "buy",
      "amount": 25378.462615725806,
      "price": 2456.617958111216,
      "timestamp": "2024-01-21T00:00:00.000Z"
    },
    {
      "id": "vp1-1763181726290-0.48950273510930264",
      "strategyId": "vp1",
      "asset": "USDC",
      "side": "buy",
      "amount": 25378.462615725806,
      "price": 2456.617958111216,
      "timestamp": "2024-01-21T00:00:00.000Z"
    },
    {
      "id": "op1-1763181726290-0.2758088224791526",
      "strategyId": "op1",
      "asset": "ETH-USDC-OPTIONS",
      "side": "sell",
      "amount": 15215.077569435482,
      "price": 2451.7096305225823,
      "timestamp": "2024-01-21T00:00:00.000Z"
    },
    {
      "id": "vp1-1763181730181-0.9935553430859845",
      "strategyId": "vp1",
      "asset": "ETH",
      "side": "buy",
      "amount": 25348.934400753165,
      "price": 2312.386131249665,
      "timestamp": "2024-01-22T00:00:00.000Z"
    },
    {
      "id": "vp1-1763181730181-0.6049388129894229",
      "strategyId": "vp1",
      "asset": "USDC",
      "side": "buy",
      "amount": 25348.934400753165,
      "price": 2312.386131249665,
      "timestamp": "2024-01-22T00:00:00.000Z"
    },
    {
      "id": "op1-1763181730181-0.8599300350306409",
      "strategyId": "op1",
      "asset": "ETH-USDC-OPTIONS",
      "side": "sell",
      "amount": 15197.360640451898,
      "price": 2307.7659791392766,
      "timestamp": "2024-01-22T00:00:00.000Z"
    },
    {
      "id": "vp1-1763181734469-0.795091444047344",
      "strategyId": "vp1",
      "asset": "ETH",
      "side": "buy",
      "amount": 25320.574300271513,
      "price": 2241.849116353916,
      "timestamp": "2024-01-23T00:00:00.000Z"
    },
    {
      "id": "vp1-1763181734469-0.4619976098775832",
      "strategyId": "vp1",
      "asset": "USDC",
      "side": "buy",
      "amount": 25320.574300271513,
      "price": 2241.849116353916,
      "timestamp": "2024-01-23T00:00:00.000Z"
    },
    {
      "id": "op1-1763181734469-0.4504520494436417",
      "strategyId": "op1",
      "asset": "ETH-USDC-OPTIONS",
      "side": "sell",
      "amount": 15180.344580162908,
      "price": 2237.369897340222,
      "timestamp": "2024-01-23T00:00:00.000Z"
    },
    {
      "id": "vp1-1763181738066-0.7295876273454589",
      "strategyId": "vp1",
      "asset": "ETH",
      "side": "buy",
      "amount": 25290.72864204456,
      "price": 2235.275992173044,
      "timestamp": "2024-01-24T00:00:00.000Z"
    },
    {
      "id": "vp1-1763181738066-0.6016572056531235",
      "strategyId": "vp1",
      "asset": "USDC",
      "side": "buy",
      "amount": 25290.72864204456,
      "price": 2235.275992173044,
      "timestamp": "2024-01-24T00:00:00.000Z"
    },
    {
      "id": "op1-1763181738066-0.08929265747722992",
      "strategyId": "op1",
      "asset": "ETH-USDC-OPTIONS",
      "side": "sell",
      "amount": 15162.437185226736,
      "price": 2230.8099062745964,
      "timestamp": "2024-01-24T00:00:00.000Z"
    },
    {
      "id": "vp1-1763181743390-0.13306857937652183",
      "strategyId": "vp1",
      "asset": "ETH",
      "side": "buy",
      "amount": 25260.644180129766,
      "price": 2218.954738485247,
      "timestamp": "2024-01-25T00:00:00.000Z"
    },
    {
      "id": "vp1-1763181743390-0.4001781153199725",
      "strategyId": "vp1",
      "asset": "USDC",
      "side": "buy",
      "amount": 25260.644180129766,
      "price": 2218.954738485247,
      "timestamp": "2024-01-25T00:00:00.000Z"
    },
    {
      "id": "op1-1763181743391-0.743931310224264",
      "strategyId": "op1",
      "asset": "ETH-USDC-OPTIONS",
      "side": "sell",
      "amount": 15144.386508077858,
      "price": 2214.521262484278,
      "timestamp": "2024-01-25T00:00:00.000Z"
    },
    {
      "id": "vp1-1763181747297-0.7529113050648562",
      "strategyId": "vp1",
      "asset": "ETH",
      "side": "buy",
      "amount": 25229.953163653747,
      "price": 2270.1037399791758,
      "timestamp": "2024-01-26T00:00:00.000Z"
    },
    {
      "id": "vp1-1763181747297-0.5442587105273361",
      "strategyId": "vp1",
      "asset": "USDC",
      "side": "buy",
      "amount": 25229.953163653747,
      "price": 2270.1037399791758,
      "timestamp": "2024-01-26T00:00:00.000Z"
    },
    {
      "id": "op1-1763181747297-0.07534215871440142",
      "strategyId": "op1",
      "asset": "ETH-USDC-OPTIONS",
      "side": "sell",
      "amount": 15125.971898192247,
      "price": 2265.568068171026,
      "timestamp": "2024-01-26T00:00:00.000Z"
    },
    {
      "id": "vp1-1763181752607-0.7466935395175537",
      "strategyId": "vp1",
      "asset": "ETH",
      "side": "buy",
      "amount": 25200.857609988263,
      "price": 2269.1198884591463,
      "timestamp": "2024-01-27T00:00:00.000Z"
    },
    {
      "id": "vp1-1763181752607-0.6112608803018421",
      "strategyId": "vp1",
      "asset": "USDC",
      "side": "buy",
      "amount": 25200.857609988263,
      "price": 2269.1198884591463,
      "timestamp": "2024-01-27T00:00:00.000Z"
    },
    {
      "id": "op1-1763181752607-0.9390258449012114",
      "strategyId": "op1",
      "asset": "ETH-USDC-OPTIONS",
      "side": "sell",
      "amount": 15108.514565992955,
      "price": 2264.586182388299,
      "timestamp": "2024-01-27T00:00:00.000Z"
    },
    {
      "id": "vp1-1763181757964-0.5612531228800139",
      "strategyId": "vp1",
      "asset": "ETH",
      "side": "buy",
      "amount": 25171.686625097333,
      "price": 2259.3264110594546,
      "timestamp": "2024-01-28T00:00:00.000Z"
    },
    {
      "id": "vp1-1763181757964-0.6111022251805582",
      "strategyId": "vp1",
      "asset": "USDC",
      "side": "buy",
      "amount": 25171.686625097333,
      "price": 2259.3264110594546,
      "timestamp": "2024-01-28T00:00:00.000Z"
    },
    {
      "id": "op1-1763181757965-0.7886499537166309",
      "strategyId": "op1",
      "asset": "ETH-USDC-OPTIONS",
      "side": "sell",
      "amount": 15091.011975058398,
      "price": 2254.8122723760193,
      "timestamp": "2024-01-28T00:00:00.000Z"
    },
    {
      "id": "vp1-1763181763256-0.18676631200342408",
      "strategyId": "vp1",
      "asset": "ETH",
      "side": "buy",
      "amount": 25142.226195959392,
      "price": 2318.9166718458177,
      "timestamp": "2024-01-29T00:00:00.000Z"
    },
    {
      "id": "vp1-1763181763256-0.4644658407304647",
      "strategyId": "vp1",
      "asset": "USDC",
      "side": "buy",
      "amount": 25142.226195959392,
      "price": 2318.9166718458177,
      "timestamp": "2024-01-29T00:00:00.000Z"
    },
    {
      "id": "op1-1763181763257-0.18301733440096413",
      "strategyId": "op1",
      "asset": "ETH-USDC-OPTIONS",
      "side": "sell",
      "amount": 15073.335717575634,
      "price": 2314.2834717022697,
      "timestamp": "2024-01-29T00:00:00.000Z"
    },
    {
      "id": "vp1-1763181768640-0.5651796335509996",
      "strategyId": "vp1",
      "asset": "ETH",
      "side": "buy",
      "amount": 25113.834779712564,
      "price": 2346.63271723753,
      "timestamp": "2024-01-30T00:00:00.000Z"
    },
    {
      "id": "vp1-1763181768640-0.4721154213132783",
      "strategyId": "vp1",
      "asset": "USDC",
      "side": "buy",
      "amount": 25113.834779712564,
      "price": 2346.63271723753,
      "timestamp": "2024-01-30T00:00:00.000Z"
    },
    {
      "id": "op1-1763181768640-0.6305036203329586",
      "strategyId": "op1",
      "asset": "ETH-USDC-OPTIONS",
      "side": "sell",
      "amount": 15056.300867827536,
      "price": 2341.944140379913,
      "timestamp": "2024-01-30T00:00:00.000Z"
    },
    {
      "id": "vp1-1763181773383-0.3681038895034664",
      "strategyId": "vp1",
      "asset": "ETH",
      "side": "buy",
      "amount": 25085.58833732077,
      "price": 2285.3801825137666,
      "timestamp": "2024-01-31T00:00:00.000Z"
    },
    {
      "id": "vp1-1763181773383-0.7473395044219561",
      "strategyId": "vp1",
      "asset": "USDC",
      "side": "buy",
      "amount": 25085.58833732077,
      "price": 2285.3801825137666,
      "timestamp": "2024-01-31T00:00:00.000Z"
    },
    {
      "id": "op1-1763181773383-0.6269711636965627",
      "strategyId": "op1",
      "asset": "ETH-USDC-OPTIONS",
      "side": "sell",
      "amount": 15039.353002392461,
      "price": 2280.8139883429103,
      "timestamp": "2024-01-31T00:00:00.000Z"
    },
    {
      "id": "vp1-1763181779743-0.353589477717822",
      "strategyId": "vp1",
      "asset": "ETH",
      "side": "buy",
      "amount": 25056.69978156956,
      "price": 2304.206342784278,
      "timestamp": "2024-02-01T00:00:00.000Z"
    },
    {
      "id": "vp1-1763181779743-0.875732275275939",
      "strategyId": "vp1",
      "asset": "USDC",
      "side": "buy",
      "amount": 25056.69978156956,
      "price": 2304.206342784278,
      "timestamp": "2024-02-01T00:00:00.000Z"
    },
    {
      "id": "op1-1763181779743-0.682633448520979",
      "strategyId": "op1",
      "asset": "ETH-USDC-OPTIONS",
      "side": "sell",
      "amount": 15022.019868941738,
      "price": 2299.6025339075863,
      "timestamp": "2024-02-01T00:00:00.000Z"
    },
    {
      "id": "vp1-1763181785062-0.9812225803792874",
      "strategyId": "vp1",
      "asset": "ETH",
      "side": "buy",
      "amount": 25028.112685478685,
      "price": 2308.9670403694427,
      "timestamp": "2024-02-02T00:00:00.000Z"
    },
    {
      "id": "vp1-1763181785062-0.5090761759664688",
      "strategyId": "vp1",
      "asset": "USDC",
      "side": "buy",
      "amount": 25028.112685478685,
      "price": 2308.9670403694427,
      "timestamp": "2024-02-02T00:00:00.000Z"
    },
    {
      "id": "op1-1763181785062-0.5679931050282684",
      "strategyId": "op1",
      "asset": "ETH-USDC-OPTIONS",
      "side": "sell",
      "amount": 15004.867611287213,
      "price": 2304.353719609464,
      "timestamp": "2024-02-02T00:00:00.000Z"
    },
    {
      "id": "vp1-1763181791517-0.6191551738015626",
      "strategyId": "vp1",
      "asset": "ETH",
      "side": "buy",
      "amount": 24999.56703165559,
      "price": 2297.8687797750595,
      "timestamp": "2024-02-03T00:00:00.000Z"
    },
    {
      "id": "vp1-1763181791517-0.49923812131208656",
      "strategyId": "vp1",
      "asset": "USDC",
      "side": "buy",
      "amount": 24999.56703165559,
      "price": 2297.8687797750595,
      "timestamp": "2024-02-03T00:00:00.000Z"
    },
    {
      "id": "op1-1763181791518-0.1168926394323706",
      "strategyId": "op1",
      "asset": "ETH-USDC-OPTIONS",
      "side": "sell",
      "amount": 14987.740218993356,
      "price": 2293.2776333619227,
      "timestamp": "2024-02-03T00:00:00.000Z"
    },
    {
      "id": "vp1-1763181797970-0.20887543813012122",
      "strategyId": "vp1",
      "asset": "ETH",
      "side": "buy",
      "amount": 24970.826637755585,
      "price": 2291.1270921245577,
      "timestamp": "2024-02-04T00:00:00.000Z"
    },
    {
      "id": "vp1-1763181797970-0.1793956886289615",
      "strategyId": "vp1",
      "asset": "USDC",
      "side": "buy",
      "amount": 24970.826637755585,
      "price": 2291.1270921245577,
      "timestamp": "2024-02-04T00:00:00.000Z"
    },
    {
      "id": "op1-1763181797970-0.1986232694853668",
      "strategyId": "op1",
      "asset": "ETH-USDC-OPTIONS",
      "side": "sell",
      "amount": 14970.495982653352,
      "price": 2286.5494156168165,
      "timestamp": "2024-02-04T00:00:00.000Z"
    },
    {
      "id": "vp1-1763181805650-0.1462736463612686",
      "strategyId": "vp1",
      "asset": "ETH",
      "side": "buy",
      "amount": 24941.945687177933,
      "price": 2299.948764470876,
      "timestamp": "2024-02-05T00:00:00.000Z"
    },
    {
      "id": "vp1-1763181805651-0.11469094837437444",
      "strategyId": "vp1",
      "asset": "USDC",
      "side": "buy",
      "amount": 24941.945687177933,
      "price": 2299.948764470876,
      "timestamp": "2024-02-05T00:00:00.000Z"
    },
    {
      "id": "op1-1763181805651-0.9334403257174193",
      "strategyId": "op1",
      "asset": "ETH-USDC-OPTIONS",
      "side": "sell",
      "amount": 14953.167412306759,
      "price": 2295.353462244161,
      "timestamp": "2024-02-05T00:00:00.000Z"
    },
    {
      "id": "vp1-1763181810668-0.4756423231895158",
      "strategyId": "vp1",
      "asset": "ETH",
      "side": "buy",
      "amount": 24913.189550446772,
      "price": 2375.4012088307477,
      "timestamp": "2024-02-06T00:00:00.000Z"
    },
    {
      "id": "vp1-1763181810668-0.48051767548565105",
      "strategyId": "vp1",
      "asset": "USDC",
      "side": "buy",
      "amount": 24913.189550446772,
      "price": 2375.4012088307477,
      "timestamp": "2024-02-06T00:00:00.000Z"
    },
    {
      "id": "op1-1763181810668-0.05661343306201161",
      "strategyId": "op1",
      "asset": "ETH-USDC-OPTIONS",
      "side": "sell",
      "amount": 14935.913730268061,
      "price": 2370.655152469448,
      "timestamp": "2024-02-06T00:00:00.000Z"
    },
    {
      "id": "vp1-1763181817017-0.14424039049149662",
      "strategyId": "vp1",
      "asset": "ETH",
      "side": "buy",
      "amount": 24884.760587856552,
      "price": 2427.881010853994,
      "timestamp": "2024-02-07T00:00:00.000Z"
    },
    {
      "id": "vp1-1763181817017-0.37516623433278473",
      "strategyId": "vp1",
      "asset": "USDC",
      "side": "buy",
      "amount": 24884.760587856552,
      "price": 2427.881010853994,
      "timestamp": "2024-02-07T00:00:00.000Z"
    },
    {
      "id": "op1-1763181817017-0.48948386342218875",
      "strategyId": "op1",
      "asset": "ETH-USDC-OPTIONS",
      "side": "sell",
      "amount": 14918.856352713932,
      "price": 2423.030099743397,
      "timestamp": "2024-02-07T00:00:00.000Z"
    },
    {
      "id": "vp1-1763181823574-0.7736374437947929",
      "strategyId": "vp1",
      "asset": "ETH",
      "side": "buy",
      "amount": 24855.659211288457,
      "price": 2423.2757964931598,
      "timestamp": "2024-02-08T00:00:00.000Z"
    },
    {
      "id": "vp1-1763181823574-0.29742568052683294",
      "strategyId": "vp1",
      "asset": "USDC",
      "side": "buy",
      "amount": 24855.659211288457,
      "price": 2423.2757964931598,
      "timestamp": "2024-02-08T00:00:00.000Z"
    },
    {
      "id": "op1-1763181823574-0.8098059866688821",
      "strategyId": "op1",
      "asset": "ETH-USDC-OPTIONS",
      "side": "sell",
      "amount": 14901.395526773073,
      "price": 2418.434086610057,
      "timestamp": "2024-02-08T00:00:00.000Z"
    },
    {
      "id": "vp1-1763181829817-0.12532885856354015",
      "strategyId": "vp1",
      "asset": "ETH",
      "side": "buy",
      "amount": 24826.64086281988,
      "price": 2490.645282504576,
      "timestamp": "2024-02-09T00:00:00.000Z"
    },
    {
      "id": "vp1-1763181829817-0.7210547764467292",
      "strategyId": "vp1",
      "asset": "USDC",
      "side": "buy",
      "amount": 24826.64086281988,
      "price": 2490.645282504576,
      "timestamp": "2024-02-09T00:00:00.000Z"
    },
    {
      "id": "op1-1763181829817-0.36430268430033974",
      "strategyId": "op1",
      "asset": "ETH-USDC-OPTIONS",
      "side": "sell",
      "amount": 14883.984517691928,
      "price": 2485.6689682538176,
      "timestamp": "2024-02-09T00:00:00.000Z"
    },
    {
      "id": "vp1-1763181834220-0.544374730275343",
      "strategyId": "vp1",
      "asset": "ETH",
      "side": "buy",
      "amount": 24795.855003701483,
      "price": 2505.0481203901813,
      "timestamp": "2024-02-10T00:00:00.000Z"
    },
    {
      "id": "vp1-1763181834220-0.7035140837496141",
      "strategyId": "vp1",
      "asset": "USDC",
      "side": "buy",
      "amount": 24795.855003701483,
      "price": 2505.0481203901813,
      "timestamp": "2024-02-10T00:00:00.000Z"
    },
    {
      "id": "op1-1763181834220-0.12622464188583182",
      "strategyId": "op1",
      "asset": "ETH-USDC-OPTIONS",
      "side": "sell",
      "amount": 14865.513002220889,
      "price": 2500.043029240551,
      "timestamp": "2024-02-10T00:00:00.000Z"
    },
    {
      "id": "vp1-1763181838726-0.4467759684791177",
      "strategyId": "vp1",
      "asset": "ETH",
      "side": "buy",
      "amount": 24764.534293370114,
      "price": 2509.425601697757,
      "timestamp": "2024-02-11T00:00:00.000Z"
    },
    {
      "id": "vp1-1763181838726-0.5397949055173009",
      "strategyId": "vp1",
      "asset": "USDC",
      "side": "buy",
      "amount": 24764.534293370114,
      "price": 2509.425601697757,
      "timestamp": "2024-02-11T00:00:00.000Z"
    },
    {
      "id": "op1-1763181838726-0.2415532994304107",
      "strategyId": "op1",
      "asset": "ETH-USDC-OPTIONS",
      "side": "sell",
      "amount": 14846.720576022068,
      "price": 2504.4117643317277,
      "timestamp": "2024-02-11T00:00:00.000Z"
    },
    {
      "id": "vp1-1763181843846-0.34329866186087254",
      "strategyId": "vp1",
      "asset": "ETH",
      "side": "buy",
      "amount": 24733.046310919395,
      "price": 2662.5941954828018,
      "timestamp": "2024-02-12T00:00:00.000Z"
    },
    {
      "id": "vp1-1763181843846-0.21125303836569143",
      "strategyId": "vp1",
      "asset": "USDC",
      "side": "buy",
      "amount": 24733.046310919395,
      "price": 2662.5941954828018,
      "timestamp": "2024-02-12T00:00:00.000Z"
    },
    {
      "id": "op1-1763181843846-0.6868411539062683",
      "strategyId": "op1",
      "asset": "ETH-USDC-OPTIONS",
      "side": "sell",
      "amount": 14827.827786551637,
      "price": 2657.274326960359,
      "timestamp": "2024-02-12T00:00:00.000Z"
    },
    {
      "id": "vp1-1763181852038-0.1561597528785229",
      "strategyId": "vp1",
      "asset": "ETH",
      "side": "buy",
      "amount": 24693.26246411633,
      "price": 2644.898702303391,
      "timestamp": "2024-02-13T00:00:00.000Z"
    },
    {
      "id": "vp1-1763181852038-0.6146146959140273",
      "strategyId": "vp1",
      "asset": "USDC",
      "side": "buy",
      "amount": 24693.26246411633,
      "price": 2644.898702303391,
      "timestamp": "2024-02-13T00:00:00.000Z"
    },
    {
      "id": "op1-1763181852038-0.04765540506553545",
      "strategyId": "op1",
      "asset": "ETH-USDC-OPTIONS",
      "side": "sell",
      "amount": 14803.957478469798,
      "price": 2639.6141894116763,
      "timestamp": "2024-02-13T00:00:00.000Z"
    },
    {
      "id": "vp1-1763181858284-0.9984432620817765",
      "strategyId": "vp1",
      "asset": "ETH",
      "side": "buy",
      "amount": 24654.691448997964,
      "price": 2781.870079194233,
      "timestamp": "2024-02-14T00:00:00.000Z"
    },
    {
      "id": "vp1-1763181858284-0.03247811209781426",
      "strategyId": "vp1",
      "asset": "USDC",
      "side": "buy",
      "amount": 24654.691448997964,
      "price": 2781.870079194233,
      "timestamp": "2024-02-14T00:00:00.000Z"
    },
    {
      "id": "op1-1763181858285-0.6762650608461158",
      "strategyId": "op1",
      "asset": "ETH-USDC-OPTIONS",
      "side": "sell",
      "amount": 14780.814869398779,
      "price": 2776.3118972178213,
      "timestamp": "2024-02-14T00:00:00.000Z"
    },
    {
      "id": "vp1-1763181863102-0.9962967263441395",
      "strategyId": "vp1",
      "asset": "ETH",
      "side": "buy",
      "amount": 24605.470970037833,
      "price": 2826.387557907513,
      "timestamp": "2024-02-15T00:00:00.000Z"
    },
    {
      "id": "vp1-1763181863102-0.769510251237591",
      "strategyId": "vp1",
      "asset": "USDC",
      "side": "buy",
      "amount": 24605.470970037833,
      "price": 2826.387557907513,
      "timestamp": "2024-02-15T00:00:00.000Z"
    },
    {
      "id": "op1-1763181863102-0.4934278411574138",
      "strategyId": "op1",
      "asset": "ETH-USDC-OPTIONS",
      "side": "sell",
      "amount": 14751.282582022699,
      "price": 2820.740429919686,
      "timestamp": "2024-02-15T00:00:00.000Z"
    },
    {
      "id": "vp1-1763181868113-0.012440187077973786",
      "strategyId": "vp1",
      "asset": "ETH",
      "side": "buy",
      "amount": 24552.207682776985,
      "price": 2807.7882317622903,
      "timestamp": "2024-02-16T00:00:00.000Z"
    },
    {
      "id": "vp1-1763181868113-0.9039075688432596",
      "strategyId": "vp1",
      "asset": "USDC",
      "side": "buy",
      "amount": 24552.207682776985,
      "price": 2807.7882317622903,
      "timestamp": "2024-02-16T00:00:00.000Z"
    },
    {
      "id": "op1-1763181868113-0.9284114696739337",
      "strategyId": "op1",
      "asset": "ETH-USDC-OPTIONS",
      "side": "sell",
      "amount": 14719.32460966619,
      "price": 2802.178265265263,
      "timestamp": "2024-02-16T00:00:00.000Z"
    },
    {
      "id": "vp1-1763181873337-0.9266028576707995",
      "strategyId": "vp1",
      "asset": "ETH",
      "side": "buy",
      "amount": 24500.773285117357,
      "price": 2790.486152294769,
      "timestamp": "2024-02-17T00:00:00.000Z"
    },
    {
      "id": "vp1-1763181873337-0.7278147279131316",
      "strategyId": "vp1",
      "asset": "USDC",
      "side": "buy",
      "amount": 24500.773285117357,
      "price": 2790.486152294769,
      "timestamp": "2024-02-17T00:00:00.000Z"
    },
    {
      "id": "op1-1763181873338-0.5373089575244185",
      "strategyId": "op1",
      "asset": "ETH-USDC-OPTIONS",
      "side": "sell",
      "amount": 14688.463971070414,
      "price": 2784.910755387087,
      "timestamp": "2024-02-17T00:00:00.000Z"
    },
    {
      "id": "vp1-1763181878867-0.22127130391244587",
      "strategyId": "vp1",
      "asset": "ETH",
      "side": "buy",
      "amount": 24450.97657588552,
      "price": 2882.2968683198737,
      "timestamp": "2024-02-18T00:00:00.000Z"
    },
    {
      "id": "vp1-1763181878867-0.13602227796836486",
      "strategyId": "vp1",
      "asset": "USDC",
      "side": "buy",
      "amount": 24450.97657588552,
      "price": 2882.2968683198737,
      "timestamp": "2024-02-18T00:00:00.000Z"
    },
    {
      "id": "op1-1763181878867-0.2427124499879656",
      "strategyId": "op1",
      "asset": "ETH-USDC-OPTIONS",
      "side": "sell",
      "amount": 14658.585945531311,
      "price": 2876.538033418136,
      "timestamp": "2024-02-18T00:00:00.000Z"
    },
    {
      "id": "vp1-1763181887571-0.4971031110219547",
      "strategyId": "vp1",
      "asset": "ETH",
      "side": "buy",
      "amount": 24392.407948657605,
      "price": 2946.149341979339,
      "timestamp": "2024-02-19T00:00:00.000Z"
    },
    {
      "id": "vp1-1763181887571-0.6537433542323424",
      "strategyId": "vp1",
      "asset": "USDC",
      "side": "buy",
      "amount": 24392.407948657605,
      "price": 2946.149341979339,
      "timestamp": "2024-02-19T00:00:00.000Z"
    },
    {
      "id": "op1-1763181887571-0.24176932403332851",
      "strategyId": "op1",
      "asset": "ETH-USDC-OPTIONS",
      "side": "sell",
      "amount": 14623.444769194562,
      "price": 2940.262929707653,
      "timestamp": "2024-02-19T00:00:00.000Z"
    },
    {
      "id": "vp1-1763181896070-0.7487286046975042",
      "strategyId": "vp1",
      "asset": "ETH",
      "side": "buy",
      "amount": 24327.187273036634,
      "price": 3016.586134983355,
      "timestamp": "2024-02-20T00:00:00.000Z"
    },
    {
      "id": "vp1-1763181896070-0.09720407724346813",
      "strategyId": "vp1",
      "asset": "USDC",
      "side": "buy",
      "amount": 24327.187273036634,
      "price": 3016.586134983355,
      "timestamp": "2024-02-20T00:00:00.000Z"
    },
    {
      "id": "op1-1763181896071-0.68280050022033",
      "strategyId": "op1",
      "asset": "ETH-USDC-OPTIONS",
      "side": "sell",
      "amount": 14584.312363821979,
      "price": 3010.5589898585135,
      "timestamp": "2024-02-20T00:00:00.000Z"
    },
    {
      "id": "vp1-1763181903955-0.5086182294953774",
      "strategyId": "vp1",
      "asset": "ETH",
      "side": "buy",
      "amount": 24254.144463539644,
      "price": 2972.928256416778,
      "timestamp": "2024-02-21T00:00:00.000Z"
    },
    {
      "id": "vp1-1763181903955-0.06274775239336838",
      "strategyId": "vp1",
      "asset": "USDC",
      "side": "buy",
      "amount": 24254.144463539644,
      "price": 2972.928256416778,
      "timestamp": "2024-02-21T00:00:00.000Z"
    },
    {
      "id": "op1-1763181903955-0.46221709759477525",
      "strategyId": "op1",
      "asset": "ETH-USDC-OPTIONS",
      "side": "sell",
      "amount": 14540.486678123787,
      "price": 2966.9883398205407,
      "timestamp": "2024-02-21T00:00:00.000Z"
    },
    {
      "id": "vp1-1763181912534-0.4393751265008493",
      "strategyId": "vp1",
      "asset": "ETH",
      "side": "buy",
      "amount": 24186.446351240436,
      "price": 2972.9493869365324,
      "timestamp": "2024-02-22T00:00:00.000Z"
    },
    {
      "id": "vp1-1763181912534-0.6530758598887301",
      "strategyId": "vp1",
      "asset": "USDC",
      "side": "buy",
      "amount": 24186.446351240436,
      "price": 2972.9493869365324,
      "timestamp": "2024-02-22T00:00:00.000Z"
    },
    {
      "id": "op1-1763181912534-0.6762790329579086",
      "strategyId": "op1",
      "asset": "ETH-USDC-OPTIONS",
      "side": "sell",
      "amount": 14499.867810744261,
      "price": 2967.0094281214747,
      "timestamp": "2024-02-22T00:00:00.000Z"
    },
    {
      "id": "vp1-1763181919211-0.43460512122899064",
      "strategyId": "vp1",
      "asset": "ETH",
      "side": "buy",
      "amount": 24119.001990477595,
      "price": 2925.6827234076263,
      "timestamp": "2024-02-23T00:00:00.000Z"
    },
    {
      "id": "vp1-1763181919211-0.008219040972961",
      "strategyId": "vp1",
      "asset": "USDC",
      "side": "buy",
      "amount": 24119.001990477595,
      "price": 2925.6827234076263,
      "timestamp": "2024-02-23T00:00:00.000Z"
    },
    {
      "id": "op1-1763181919211-0.530937293830076",
      "strategyId": "op1",
      "asset": "ETH-USDC-OPTIONS",
      "side": "sell",
      "amount": 14459.401194286556,
      "price": 2919.8372034807385,
      "timestamp": "2024-02-23T00:00:00.000Z"
    },
    {
      "id": "vp1-1763181929415-0.5254107606378028",
      "strategyId": "vp1",
      "asset": "ETH",
      "side": "buy",
      "amount": 24056.90495567366,
      "price": 2992.977816470206,
      "timestamp": "2024-02-24T00:00:00.000Z"
    },
    {
      "id": "vp1-1763181929415-0.8546489131735386",
      "strategyId": "vp1",
      "asset": "USDC",
      "side": "buy",
      "amount": 24056.90495567366,
      "price": 2992.977816470206,
      "timestamp": "2024-02-24T00:00:00.000Z"
    },
    {
      "id": "op1-1763181929415-0.488827457578624",
      "strategyId": "op1",
      "asset": "ETH-USDC-OPTIONS",
      "side": "sell",
      "amount": 14422.142973404196,
      "price": 2986.997840812923,
      "timestamp": "2024-02-24T00:00:00.000Z"
    },
    {
      "id": "vp1-1763181938874-0.5618547196892297",
      "strategyId": "vp1",
      "asset": "ETH",
      "side": "buy",
      "amount": 23987.664792695363,
      "price": 3113.153564971569,
      "timestamp": "2024-02-25T00:00:00.000Z"
    },
    {
      "id": "vp1-1763181938874-0.1931039930084416",
      "strategyId": "vp1",
      "asset": "USDC",
      "side": "buy",
      "amount": 23987.664792695363,
      "price": 3113.153564971569,
      "timestamp": "2024-02-25T00:00:00.000Z"
    },
    {
      "id": "op1-1763181938874-0.6400328383672015",
      "strategyId": "op1",
      "asset": "ETH-USDC-OPTIONS",
      "side": "sell",
      "amount": 14380.598875617216,
      "price": 3106.9334779286687,
      "timestamp": "2024-02-25T00:00:00.000Z"
    },
    {
      "id": "vp1-1763181947081-0.7767712252461846",
      "strategyId": "vp1",
      "asset": "ETH",
      "side": "buy",
      "amount": 23904.459587164765,
      "price": 3183.627179711578,
      "timestamp": "2024-02-26T00:00:00.000Z"
    },
    {
      "id": "vp1-1763181947081-0.7773052702387363",
      "strategyId": "vp1",
      "asset": "USDC",
      "side": "buy",
      "amount": 23904.459587164765,
      "price": 3183.627179711578,
      "timestamp": "2024-02-26T00:00:00.000Z"
    },
    {
      "id": "op1-1763181947081-0.1685436869535828",
      "strategyId": "op1",
      "asset": "ETH-USDC-OPTIONS",
      "side": "sell",
      "amount": 14330.675752298857,
      "price": 3177.266286245621,
      "timestamp": "2024-02-26T00:00:00.000Z"
    },
    {
      "id": "vp1-1763181957408-0.6524550335926946",
      "strategyId": "vp1",
      "asset": "ETH",
      "side": "buy",
      "amount": 23812.82544027373,
      "price": 3246.2326291577356,
      "timestamp": "2024-02-27T00:00:00.000Z"
    },
    {
      "id": "vp1-1763181957408-0.5482853822388069",
      "strategyId": "vp1",
      "asset": "USDC",
      "side": "buy",
      "amount": 23812.82544027373,
      "price": 3246.2326291577356,
      "timestamp": "2024-02-27T00:00:00.000Z"
    },
    {
      "id": "op1-1763181957408-0.574552576400723",
      "strategyId": "op1",
      "asset": "ETH-USDC-OPTIONS",
      "side": "sell",
      "amount": 14275.695264164237,
      "price": 3239.7466498786994,
      "timestamp": "2024-02-27T00:00:00.000Z"
    },
    {
      "id": "vp1-1763181966113-0.3520575357435469",
      "strategyId": "vp1",
      "asset": "ETH",
      "side": "buy",
      "amount": 23713.679719066902,
      "price": 3387.5084952671714,
      "timestamp": "2024-02-28T00:00:00.000Z"
    },
    {
      "id": "vp1-1763181966113-0.12145366014745629",
      "strategyId": "vp1",
      "asset": "USDC",
      "side": "buy",
      "amount": 23713.679719066902,
      "price": 3387.5084952671714,
      "timestamp": "2024-02-28T00:00:00.000Z"
    },
    {
      "id": "op1-1763181966113-0.9281901768313249",
      "strategyId": "op1",
      "asset": "ETH-USDC-OPTIONS",
      "side": "sell",
      "amount": 14216.207831440142,
      "price": 3380.7402465253795,
      "timestamp": "2024-02-28T00:00:00.000Z"
    },
    {
      "id": "vp1-1763181973783-0.8065655674538326",
      "strategyId": "vp1",
      "asset": "ETH",
      "side": "buy",
      "amount": 23596.026127008292,
      "price": 3347.8631353675164,
      "timestamp": "2024-02-29T00:00:00.000Z"
    },
    {
      "id": "vp1-1763181973783-0.8299949647677941",
      "strategyId": "vp1",
      "asset": "USDC",
      "side": "buy",
      "amount": 23596.026127008292,
      "price": 3347.8631353675164,
      "timestamp": "2024-02-29T00:00:00.000Z"
    },
    {
      "id": "op1-1763181973783-0.7510519488027557",
      "strategyId": "op1",
      "asset": "ETH-USDC-OPTIONS",
      "side": "sell",
      "amount": 14145.615676204974,
      "price": 3341.174098134015,
      "timestamp": "2024-02-29T00:00:00.000Z"
    },
    {
      "id": "vp1-1763181981268-0.12852553849075454",
      "strategyId": "vp1",
      "asset": "ETH",
      "side": "buy",
      "amount": 23485.317760148646,
      "price": 3438.865658706029,
      "timestamp": "2024-03-01T00:00:00.000Z"
    },
    {
      "id": "vp1-1763181981268-0.15883334944314986",
      "strategyId": "vp1",
      "asset": "USDC",
      "side": "buy",
      "amount": 23485.317760148646,
      "price": 3438.865658706029,
      "timestamp": "2024-03-01T00:00:00.000Z"
    },
    {
      "id": "op1-1763181981268-0.6233007349876666",
      "strategyId": "op1",
      "asset": "ETH-USDC-OPTIONS",
      "side": "sell",
      "amount": 14079.190656089188,
      "price": 3431.9947982490744,
      "timestamp": "2024-03-01T00:00:00.000Z"
    },
    {
      "id": "vp1-1763181991098-0.5666860843833899",
      "strategyId": "vp1",
      "asset": "ETH",
      "side": "buy",
      "amount": 23363.21762084096,
      "price": 3425.509064700931,
      "timestamp": "2024-03-02T00:00:00.000Z"
    },
    {
      "id": "vp1-1763181991098-0.6259749328827483",
      "strategyId": "vp1",
      "asset": "USDC",
      "side": "buy",
      "amount": 23363.21762084096,
      "price": 3425.509064700931,
      "timestamp": "2024-03-02T00:00:00.000Z"
    },
    {
      "id": "op1-1763181991098-0.4049496085495562",
      "strategyId": "op1",
      "asset": "ETH-USDC-OPTIONS",
      "side": "sell",
      "amount": 14005.930572504574,
      "price": 3418.664890745485,
      "timestamp": "2024-03-02T00:00:00.000Z"
    },
    {
      "id": "vp1-1763182001441-0.07547765427528919",
      "strategyId": "vp1",
      "asset": "ETH",
      "side": "buy",
      "amount": 23244.57183104405,
      "price": 3494.372230030278,
      "timestamp": "2024-03-03T00:00:00.000Z"
    },
    {
      "id": "vp1-1763182001441-0.18528678855454173",
      "strategyId": "vp1",
      "asset": "USDC",
      "side": "buy",
      "amount": 23244.57183104405,
      "price": 3494.372230030278,
      "timestamp": "2024-03-03T00:00:00.000Z"
    },
    {
      "id": "op1-1763182001441-0.8742088735695891",
      "strategyId": "op1",
      "asset": "ETH-USDC-OPTIONS",
      "side": "sell",
      "amount": 13934.74309862643,
      "price": 3487.390467332915,
      "timestamp": "2024-03-03T00:00:00.000Z"
    },
    {
      "id": "vp1-1763182010094-0.4297462980164096",
      "strategyId": "vp1",
      "asset": "ETH",
      "side": "buy",
      "amount": 23117.949904915833,
      "price": 3635.6409164772504,
      "timestamp": "2024-03-04T00:00:00.000Z"
    },
    {
      "id": "vp1-1763182010094-0.8110499585379382",
      "strategyId": "vp1",
      "asset": "USDC",
      "side": "buy",
      "amount": 23117.949904915833,
      "price": 3635.6409164772504,
      "timestamp": "2024-03-04T00:00:00.000Z"
    },
    {
      "id": "op1-1763182010095-0.5360199790201754",
      "strategyId": "op1",
      "asset": "ETH-USDC-OPTIONS",
      "side": "sell",
      "amount": 13858.7699429495,
      "price": 3628.376898662111,
      "timestamp": "2024-03-04T00:00:00.000Z"
    },
    {
      "id": "vp1-1763182018337-0.6345869064895497",
      "strategyId": "vp1",
      "asset": "ETH",
      "side": "buy",
      "amount": 22973.288450297736,
      "price": 3562.7079348563425,
      "timestamp": "2024-03-05T00:00:00.000Z"
    },
    {
      "id": "vp1-1763182018337-0.013468771473095775",
      "strategyId": "vp1",
      "asset": "USDC",
      "side": "buy",
      "amount": 22973.288450297736,
      "price": 3562.7079348563425,
      "timestamp": "2024-03-05T00:00:00.000Z"
    },
    {
      "id": "op1-1763182018337-0.34256054479714004",
      "strategyId": "op1",
      "asset": "ETH-USDC-OPTIONS",
      "side": "sell",
      "amount": 13771.973070178641,
      "price": 3555.5896372842026,
      "timestamp": "2024-03-05T00:00:00.000Z"
    },
    {
      "id": "vp1-1763182027860-0.7825615024991797",
      "strategyId": "vp1",
      "asset": "ETH",
      "side": "buy",
      "amount": 22841.437840927018,
      "price": 3823.9422140027077,
      "timestamp": "2024-03-06T00:00:00.000Z"
    },
    {
      "id": "vp1-1763182027860-0.26585861928258747",
      "strategyId": "vp1",
      "asset": "USDC",
      "side": "buy",
      "amount": 22841.437840927018,
      "price": 3823.9422140027077,
      "timestamp": "2024-03-06T00:00:00.000Z"
    },
    {
      "id": "op1-1763182027860-0.5427841561530391",
      "strategyId": "op1",
      "asset": "ETH-USDC-OPTIONS",
      "side": "sell",
      "amount": 13692.86270455621,
      "price": 3816.3019698188864,
      "timestamp": "2024-03-06T00:00:00.000Z"
    },
    {
      "id": "vp1-1763182038305-0.2553669861255836",
      "strategyId": "vp1",
      "asset": "ETH",
      "side": "buy",
      "amount": 22675.165356438305,
      "price": 3879.6626526880223,
      "timestamp": "2024-03-07T00:00:00.000Z"
    },
    {
      "id": "vp1-1763182038305-0.41074400075853057",
      "strategyId": "vp1",
      "asset": "USDC",
      "side": "buy",
      "amount": 22675.165356438305,
      "price": 3879.6626526880223,
      "timestamp": "2024-03-07T00:00:00.000Z"
    },
    {
      "id": "op1-1763182038305-0.5914557050812799",
      "strategyId": "op1",
      "asset": "ETH-USDC-OPTIONS",
      "side": "sell",
      "amount": 13593.09921386298,
      "price": 3871.9110789563783,
      "timestamp": "2024-03-07T00:00:00.000Z"
    },
    {
      "id": "vp1-1763182048343-0.39951124045569164",
      "strategyId": "vp1",
      "asset": "ETH",
      "side": "buy",
      "amount": 22504.887106714916,
      "price": 3897.8220038401896,
      "timestamp": "2024-03-08T00:00:00.000Z"
    },
    {
      "id": "vp1-1763182048343-0.2993341590534653",
      "strategyId": "vp1",
      "asset": "USDC",
      "side": "buy",
      "amount": 22504.887106714916,
      "price": 3897.8220038401896,
      "timestamp": "2024-03-08T00:00:00.000Z"
    },
    {
      "id": "op1-1763182048343-0.014953380177159081",
      "strategyId": "op1",
      "asset": "ETH-USDC-OPTIONS",
      "side": "sell",
      "amount": 13490.93226402895,
      "price": 3890.034147688661,
      "timestamp": "2024-03-08T00:00:00.000Z"
    },
    {
      "id": "vp1-1763182059500-0.1107158538633255",
      "strategyId": "vp1",
      "asset": "ETH",
      "side": "buy",
      "amount": 22336.328000532685,
      "price": 3916.6823699922047,
      "timestamp": "2024-03-09T00:00:00.000Z"
    },
    {
      "id": "vp1-1763182059500-0.0263607356802128",
      "strategyId": "vp1",
      "asset": "USDC",
      "side": "buy",
      "amount": 22336.328000532685,
      "price": 3916.6823699922047,
      "timestamp": "2024-03-09T00:00:00.000Z"
    },
    {
      "id": "op1-1763182059500-0.7679112186002297",
      "strategyId": "op1",
      "asset": "ETH-USDC-OPTIONS",
      "side": "sell",
      "amount": 13389.79680031961,
      "price": 3908.856830791421,
      "timestamp": "2024-03-09T00:00:00.000Z"
    },
    {
      "id": "vp1-1763182066772-0.3941128265708227",
      "strategyId": "vp1",
      "asset": "ETH",
      "side": "buy",
      "amount": 22169.472129676084,
      "price": 3888.7887031237815,
      "timestamp": "2024-03-10T00:00:00.000Z"
    },
    {
      "id": "vp1-1763182066772-0.5553346016545817",
      "strategyId": "vp1",
      "asset": "USDC",
      "side": "buy",
      "amount": 22169.472129676084,
      "price": 3888.7887031237815,
      "timestamp": "2024-03-10T00:00:00.000Z"
    },
    {
      "id": "op1-1763182066773-0.7207548269691901",
      "strategyId": "op1",
      "asset": "ETH-USDC-OPTIONS",
      "side": "sell",
      "amount": 13289.68327780565,
      "price": 3881.018895525133,
      "timestamp": "2024-03-10T00:00:00.000Z"
    },
    {
      "id": "vp1-1763182075813-0.886644778773503",
      "strategyId": "vp1",
      "asset": "ETH",
      "side": "buy",
      "amount": 22010.53519807841,
      "price": 4071.064271756503,
      "timestamp": "2024-03-11T00:00:00.000Z"
    },
    {
      "id": "vp1-1763182075813-0.33258456813769766",
      "strategyId": "vp1",
      "asset": "USDC",
      "side": "buy",
      "amount": 22010.53519807841,
      "price": 4071.064271756503,
      "timestamp": "2024-03-11T00:00:00.000Z"
    },
    {
      "id": "op1-1763182075813-0.056518481059811165",
      "strategyId": "op1",
      "asset": "ETH-USDC-OPTIONS",
      "side": "sell",
      "amount": 13194.321118847045,
      "price": 4062.930277207539,
      "timestamp": "2024-03-11T00:00:00.000Z"
    },
    {
      "id": "vp1-1763182087253-0.4067521879301863",
      "strategyId": "vp1",
      "asset": "ETH",
      "side": "buy",
      "amount": 21832.174416077996,
      "price": 3985.359372571016,
      "timestamp": "2024-03-12T00:00:00.000Z"
    },
    {
      "id": "vp1-1763182087253-0.4301125743411276",
      "strategyId": "vp1",
      "asset": "USDC",
      "side": "buy",
      "amount": 21832.174416077996,
      "price": 3985.359372571016,
      "timestamp": "2024-03-12T00:00:00.000Z"
    },
    {
      "id": "op1-1763182087253-0.8230703585257776",
      "strategyId": "op1",
      "asset": "ETH-USDC-OPTIONS",
      "side": "sell",
      "amount": 13087.304649646798,
      "price": 3977.3966165818633,
      "timestamp": "2024-03-12T00:00:00.000Z"
    },
    {
      "id": "vp1-1763182098619-0.3279103300464101",
      "strategyId": "vp1",
      "asset": "ETH",
      "side": "buy",
      "amount": 21669.861248466852,
      "price": 4009.871936101257,
      "timestamp": "2024-03-13T00:00:00.000Z"
    },
    {
      "id": "vp1-1763182098619-0.9861543295129702",
      "strategyId": "vp1",
      "asset": "USDC",
      "side": "buy",
      "amount": 21669.861248466852,
      "price": 4009.871936101257,
      "timestamp": "2024-03-13T00:00:00.000Z"
    },
    {
      "id": "op1-1763182098619-0.22251766388913574",
      "strategyId": "op1",
      "asset": "ETH-USDC-OPTIONS",
      "side": "sell",
      "amount": 12989.91674908011,
      "price": 4001.860203961195,
      "timestamp": "2024-03-13T00:00:00.000Z"
    },
    {
      "id": "vp1-1763182108347-0.4545288029218537",
      "strategyId": "vp1",
      "asset": "ETH",
      "side": "buy",
      "amount": 21509.03603089833,
      "price": 3883.4490266208727,
      "timestamp": "2024-03-14T00:00:00.000Z"
    },
    {
      "id": "vp1-1763182108347-0.9457775620856056",
      "strategyId": "vp1",
      "asset": "USDC",
      "side": "buy",
      "amount": 21509.03603089833,
      "price": 3883.4490266208727,
      "timestamp": "2024-03-14T00:00:00.000Z"
    },
    {
      "id": "op1-1763182108347-0.9804655617723351",
      "strategyId": "op1",
      "asset": "ETH-USDC-OPTIONS",
      "side": "sell",
      "amount": 12893.421618538996,
      "price": 3875.689887706546,
      "timestamp": "2024-03-14T00:00:00.000Z"
    },
    {
      "id": "vp1-1763182117563-0.4473743989801421",
      "strategyId": "vp1",
      "asset": "ETH",
      "side": "buy",
      "amount": 21367.189788656975,
      "price": 3743.7920834710044,
      "timestamp": "2024-03-15T00:00:00.000Z"
    },
    {
      "id": "vp1-1763182117563-0.017919603848128407",
      "strategyId": "vp1",
      "asset": "USDC",
      "side": "buy",
      "amount": 21367.189788656975,
      "price": 3743.7920834710044,
      "timestamp": "2024-03-15T00:00:00.000Z"
    },
    {
      "id": "op1-1763182117563-0.31097077828886266",
      "strategyId": "op1",
      "asset": "ETH-USDC-OPTIONS",
      "side": "sell",
      "amount": 12808.313873194184,
      "price": 3736.311979408126,
      "timestamp": "2024-03-15T00:00:00.000Z"
    },
    {
      "id": "vp1-1763182128213-0.8516666741188085",
      "strategyId": "vp1",
      "asset": "ETH",
      "side": "buy",
      "amount": 21243.87524387175,
      "price": 3524.541522494596,
      "timestamp": "2024-03-16T00:00:00.000Z"
    },
    {
      "id": "vp1-1763182128213-0.6345714395278297",
      "strategyId": "vp1",
      "asset": "USDC",
      "side": "buy",
      "amount": 21243.87524387175,
      "price": 3524.541522494596,
      "timestamp": "2024-03-16T00:00:00.000Z"
    },
    {
      "id": "op1-1763182128213-0.5956971362900959",
      "strategyId": "op1",
      "asset": "ETH-USDC-OPTIONS",
      "side": "sell",
      "amount": 12734.325146323048,
      "price": 3517.4994814906113,
      "timestamp": "2024-03-16T00:00:00.000Z"
    },
    {
      "id": "vp1-1763182138147-0.577208733344743",
      "strategyId": "vp1",
      "asset": "ETH",
      "side": "buy",
      "amount": 21145.004199086543,
      "price": 3645.5000851579075,
      "timestamp": "2024-03-17T00:00:00.000Z"
    },
    {
      "id": "vp1-1763182138147-0.8481808365519057",
      "strategyId": "vp1",
      "asset": "USDC",
      "side": "buy",
      "amount": 21145.004199086543,
      "price": 3645.5000851579075,
      "timestamp": "2024-03-17T00:00:00.000Z"
    },
    {
      "id": "op1-1763182138147-0.7179364024111742",
      "strategyId": "op1",
      "asset": "ETH-USDC-OPTIONS",
      "side": "sell",
      "amount": 12675.002519451924,
      "price": 3638.2163687040456,
      "timestamp": "2024-03-17T00:00:00.000Z"
    },
    {
      "id": "vp1-1763182150127-0.1614016838884208",
      "strategyId": "vp1",
      "asset": "ETH",
      "side": "buy",
      "amount": 21035.77252078132,
      "price": 3524.028072684866,
      "timestamp": "2024-03-18T00:00:00.000Z"
    },
    {
      "id": "vp1-1763182150127-0.35625584054205195",
      "strategyId": "vp1",
      "asset": "USDC",
      "side": "buy",
      "amount": 21035.77252078132,
      "price": 3524.028072684866,
      "timestamp": "2024-03-18T00:00:00.000Z"
    },
    {
      "id": "op1-1763182150127-0.42996001637791115",
      "strategyId": "op1",
      "asset": "ETH-USDC-OPTIONS",
      "side": "sell",
      "amount": 12609.463512468792,
      "price": 3516.987057554627,
      "timestamp": "2024-03-18T00:00:00.000Z"
    },
    {
      "id": "vp1-1763182162619-0.630560501940431",
      "strategyId": "vp1",
      "asset": "ETH",
      "side": "buy",
      "amount": 20939.88000502027,
      "price": 3164.796943338366,
      "timestamp": "2024-03-19T00:00:00.000Z"
    },
    {
      "id": "vp1-1763182162619-0.41791854522475813",
      "strategyId": "vp1",
      "asset": "USDC",
      "side": "buy",
      "amount": 20939.88000502027,
      "price": 3164.796943338366,
      "timestamp": "2024-03-19T00:00:00.000Z"
    },
    {
      "id": "op1-1763182162620-0.4144573667544791",
      "strategyId": "op1",
      "asset": "ETH-USDC-OPTIONS",
      "side": "sell",
      "amount": 12551.928003012163,
      "price": 3158.4736727223058,
      "timestamp": "2024-03-19T00:00:00.000Z"
    },
    {
      "id": "vp1-1763182173576-0.6316030831104188",
      "strategyId": "vp1",
      "asset": "ETH",
      "side": "buy",
      "amount": 20875.374424202993,
      "price": 3518.8207404098216,
      "timestamp": "2024-03-20T00:00:00.000Z"
    },
    {
      "id": "vp1-1763182173576-0.9276830155371175",
      "strategyId": "vp1",
      "asset": "USDC",
      "side": "buy",
      "amount": 20875.374424202993,
      "price": 3518.8207404098216,
      "timestamp": "2024-03-20T00:00:00.000Z"
    },
    {
      "id": "op1-1763182173577-0.9219197478851628",
      "strategyId": "op1",
      "asset": "ETH-USDC-OPTIONS",
      "side": "sell",
      "amount": 12513.224654521793,
      "price": 3511.7901295398724,
      "timestamp": "2024-03-20T00:00:00.000Z"
    },
    {
      "id": "vp1-1763182184534-0.23416397632810015",
      "strategyId": "vp1",
      "asset": "ETH",
      "side": "buy",
      "amount": 20781.97652980034,
      "price": 3494.426633912854,
      "timestamp": "2024-03-21T00:00:00.000Z"
    },
    {
      "id": "vp1-1763182184534-0.7384160305806605",
      "strategyId": "vp1",
      "asset": "USDC",
      "side": "buy",
      "amount": 20781.97652980034,
      "price": 3494.426633912854,
      "timestamp": "2024-03-21T00:00:00.000Z"
    },
    {
      "id": "op1-1763182184534-0.4933404771969697",
      "strategyId": "op1",
      "asset": "ETH-USDC-OPTIONS",
      "side": "sell",
      "amount": 12457.185917880204,
      "price": 3487.444762516425,
      "timestamp": "2024-03-21T00:00:00.000Z"
    },
    {
      "id": "vp1-1763182193852-0.2889144418241698",
      "strategyId": "vp1",
      "asset": "ETH",
      "side": "buy",
      "amount": 20691.963710734803,
      "price": 3338.3830381108473,
      "timestamp": "2024-03-22T00:00:00.000Z"
    },
    {
      "id": "vp1-1763182193852-0.09699220670680297",
      "strategyId": "vp1",
      "asset": "USDC",
      "side": "buy",
      "amount": 20691.963710734803,
      "price": 3338.3830381108473,
      "timestamp": "2024-03-22T00:00:00.000Z"
    },
    {
      "id": "op1-1763182193852-0.08022944826567346",
      "strategyId": "op1",
      "asset": "ETH-USDC-OPTIONS",
      "side": "sell",
      "amount": 12403.178226440881,
      "price": 3331.7129421306063,
      "timestamp": "2024-03-22T00:00:00.000Z"
    },
    {
      "id": "vp1-1763182204280-0.7490458781146683",
      "strategyId": "vp1",
      "asset": "ETH",
      "side": "buy",
      "amount": 20615.99701462405,
      "price": 3335.3446237999733,
      "timestamp": "2024-03-23T00:00:00.000Z"
    },
    {
      "id": "vp1-1763182204280-0.7759278923930081",
      "strategyId": "vp1",
      "asset": "USDC",
      "side": "buy",
      "amount": 20615.99701462405,
      "price": 3335.3446237999733,
      "timestamp": "2024-03-23T00:00:00.000Z"
    },
    {
      "id": "op1-1763182204280-0.8933985150284586",
      "strategyId": "op1",
      "asset": "ETH-USDC-OPTIONS",
      "side": "sell",
      "amount": 12357.598208774427,
      "price": 3328.680598577596,
      "timestamp": "2024-03-23T00:00:00.000Z"
    },
    {
      "id": "vp1-1763182215356-0.20288715169134885",
      "strategyId": "vp1",
      "asset": "ETH",
      "side": "buy",
      "amount": 20540.941408196526,
      "price": 3458.5524075952326,
      "timestamp": "2024-03-24T00:00:00.000Z"
    },
    {
      "id": "vp1-1763182215356-0.447402640522655",
      "strategyId": "vp1",
      "asset": "USDC",
      "side": "buy",
      "amount": 20540.941408196526,
      "price": 3458.5524075952326,
      "timestamp": "2024-03-24T00:00:00.000Z"
    },
    {
      "id": "op1-1763182215356-0.24555493038593668",
      "strategyId": "op1",
      "asset": "ETH-USDC-OPTIONS",
      "side": "sell",
      "amount": 12312.564844917915,
      "price": 3451.642212974663,
      "timestamp": "2024-03-24T00:00:00.000Z"
    },
    {
      "id": "vp1-1763182226825-0.2438769500598975",
      "strategyId": "vp1",
      "asset": "ETH",
      "side": "buy",
      "amount": 20456.734603701956,
      "price": 3592.8745341270637,
      "timestamp": "2024-03-25T00:00:00.000Z"
    },
    {
      "id": "vp1-1763182226825-0.10134947546983097",
      "strategyId": "vp1",
      "asset": "USDC",
      "side": "buy",
      "amount": 20456.734603701956,
      "price": 3592.8745341270637,
      "timestamp": "2024-03-25T00:00:00.000Z"
    },
    {
      "id": "op1-1763182226825-0.7120996349052405",
      "strategyId": "op1",
      "asset": "ETH-USDC-OPTIONS",
      "side": "sell",
      "amount": 12262.040762221171,
      "price": 3585.6959636293077,
      "timestamp": "2024-03-25T00:00:00.000Z"
    },
    {
      "id": "vp1-1763182238806-0.9449166354246942",
      "strategyId": "vp1",
      "asset": "ETH",
      "side": "buy",
      "amount": 20362.421704506734,
      "price": 3591.385610531619,
      "timestamp": "2024-03-26T00:00:00.000Z"
    },
    {
      "id": "vp1-1763182238806-0.6229498491040327",
      "strategyId": "vp1",
      "asset": "USDC",
      "side": "buy",
      "amount": 20362.421704506734,
      "price": 3591.385610531619,
      "timestamp": "2024-03-26T00:00:00.000Z"
    },
    {
      "id": "op1-1763182238806-0.6174210656900544",
      "strategyId": "op1",
      "asset": "ETH-USDC-OPTIONS",
      "side": "sell",
      "amount": 12205.453022704038,
      "price": 3584.2100149061816,
      "timestamp": "2024-03-26T00:00:00.000Z"
    },
    {
      "id": "vp1-1763182251299-0.7187472762374443",
      "strategyId": "vp1",
      "asset": "ETH",
      "side": "buy",
      "amount": 20269.625734000365,
      "price": 3503.55726691376,
      "timestamp": "2024-03-27T00:00:00.000Z"
    },
    {
      "id": "vp1-1763182251299-0.5540154227621565",
      "strategyId": "vp1",
      "asset": "USDC",
      "side": "buy",
      "amount": 20269.625734000365,
      "price": 3503.55726691376,
      "timestamp": "2024-03-27T00:00:00.000Z"
    },
    {
      "id": "op1-1763182251299-0.9548338101165759",
      "strategyId": "op1",
      "asset": "ETH-USDC-OPTIONS",
      "side": "sell",
      "amount": 12149.775440400217,
      "price": 3496.557152494352,
      "timestamp": "2024-03-27T00:00:00.000Z"
    },
    {
      "id": "vp1-1763182263791-0.6316684649771719",
      "strategyId": "vp1",
      "asset": "ETH",
      "side": "buy",
      "amount": 20185.1758653597,
      "price": 3565.5904864504837,
      "timestamp": "2024-03-28T00:00:00.000Z"
    },
    {
      "id": "vp1-1763182263791-0.11345085972086344",
      "strategyId": "vp1",
      "asset": "USDC",
      "side": "buy",
      "amount": 20185.1758653597,
      "price": 3565.5904864504837,
      "timestamp": "2024-03-28T00:00:00.000Z"
    },
    {
      "id": "op1-1763182263792-0.04914914455858743",
      "strategyId": "op1",
      "asset": "ETH-USDC-OPTIONS",
      "side": "sell",
      "amount": 12099.105519215818,
      "price": 3558.4664295344987,
      "timestamp": "2024-03-28T00:00:00.000Z"
    },
    {
      "id": "vp1-1763182275670-0.18804778371727737",
      "strategyId": "vp1",
      "asset": "ETH",
      "side": "buy",
      "amount": 20096.943553559497,
      "price": 3517.3226737343107,
      "timestamp": "2024-03-29T00:00:00.000Z"
    },
    {
      "id": "vp1-1763182275670-0.4959950852204197",
      "strategyId": "vp1",
      "asset": "USDC",
      "side": "buy",
      "amount": 20096.943553559497,
      "price": 3517.3226737343107,
      "timestamp": "2024-03-29T00:00:00.000Z"
    },
    {
      "id": "op1-1763182275670-0.9448768593822882",
      "strategyId": "op1",
      "asset": "ETH-USDC-OPTIONS",
      "side": "sell",
      "amount": 12046.166132135699,
      "price": 3510.295056004572,
      "timestamp": "2024-03-29T00:00:00.000Z"
    },
    {
      "id": "vp1-1763182287551-0.2909699190979984",
      "strategyId": "vp1",
      "asset": "ETH",
      "side": "buy",
      "amount": 20013.60338090181,
      "price": 3511.5461899283628,
      "timestamp": "2024-03-30T00:00:00.000Z"
    },
    {
      "id": "vp1-1763182287551-0.8727634818586038",
      "strategyId": "vp1",
      "asset": "USDC",
      "side": "buy",
      "amount": 20013.60338090181,
      "price": 3511.5461899283628,
      "timestamp": "2024-03-30T00:00:00.000Z"
    },
    {
      "id": "op1-1763182287551-0.10587503902684026",
      "strategyId": "op1",
      "asset": "ETH-USDC-OPTIONS",
      "side": "sell",
      "amount": 11996.162028541088,
      "price": 3504.53011362481,
      "timestamp": "2024-03-30T00:00:00.000Z"
    },
    {
      "id": "vp1-1763182298198-0.10915847561229142",
      "strategyId": "vp1",
      "asset": "ETH",
      "side": "buy",
      "amount": 19931.7239044491,
      "price": 3650.27800080025,
      "timestamp": "2024-03-31T00:00:00.000Z"
    },
    {
      "id": "vp1-1763182298198-0.3342071659849053",
      "strategyId": "vp1",
      "asset": "USDC",
      "side": "buy",
      "amount": 19931.7239044491,
      "price": 3650.27800080025,
      "timestamp": "2024-03-31T00:00:00.000Z"
    },
    {
      "id": "op1-1763182298199-0.6757196562204734",
      "strategyId": "op1",
      "asset": "ETH-USDC-OPTIONS",
      "side": "sell",
      "amount": 11947.034342669458,
      "price": 3642.9847380613887,
      "timestamp": "2024-03-31T00:00:00.000Z"
    },
    {
      "id": "vp1-1763182310179-0.6623403153326886",
      "strategyId": "vp1",
      "asset": "ETH",
      "side": "buy",
      "amount": 19840.527735448246,
      "price": 3507.9003403727966,
      "timestamp": "2024-04-01T00:00:00.000Z"
    },
    {
      "id": "vp1-1763182310179-0.891787177012366",
      "strategyId": "vp1",
      "asset": "USDC",
      "side": "buy",
      "amount": 19840.527735448246,
      "price": 3507.9003403727966,
      "timestamp": "2024-04-01T00:00:00.000Z"
    },
    {
      "id": "op1-1763182310179-0.7660378935606377",
      "strategyId": "op1",
      "asset": "ETH-USDC-OPTIONS",
      "side": "sell",
      "amount": 11892.316641268946,
      "price": 3500.8915484839404,
      "timestamp": "2024-04-01T00:00:00.000Z"
    },
    {
      "id": "vp1-1763182322775-0.08815564544788779",
      "strategyId": "vp1",
      "asset": "ETH",
      "side": "buy",
      "amount": 19761.086965131122,
      "price": 3279.4981322506173,
      "timestamp": "2024-04-02T00:00:00.000Z"
    },
    {
      "id": "vp1-1763182322775-0.49159200435606454",
      "strategyId": "vp1",
      "asset": "USDC",
      "side": "buy",
      "amount": 19761.086965131122,
      "price": 3279.4981322506173,
      "timestamp": "2024-04-02T00:00:00.000Z"
    },
    {
      "id": "op1-1763182322775-0.46297354824466075",
      "strategyId": "op1",
      "asset": "ETH-USDC-OPTIONS",
      "side": "sell",
      "amount": 11844.652179078672,
      "price": 3272.9456884299375,
      "timestamp": "2024-04-02T00:00:00.000Z"
    },
    {
      "id": "vp1-1763182336087-0.4264599133770136",
      "strategyId": "vp1",
      "asset": "ETH",
      "side": "buy",
      "amount": 19697.68437062603,
      "price": 3315.8025554694177,
      "timestamp": "2024-04-03T00:00:00.000Z"
    },
    {
      "id": "vp1-1763182336087-0.790411080401414",
      "strategyId": "vp1",
      "asset": "USDC",
      "side": "buy",
      "amount": 19697.68437062603,
      "price": 3315.8025554694177,
      "timestamp": "2024-04-03T00:00:00.000Z"
    },
    {
      "id": "op1-1763182336087-0.3604579816754133",
      "strategyId": "op1",
      "asset": "ETH-USDC-OPTIONS",
      "side": "sell",
      "amount": 11806.610622375618,
      "price": 3309.17757533861,
      "timestamp": "2024-04-03T00:00:00.000Z"
    },
    {
      "id": "vp1-1763182349398-0.9838937372059808",
      "strategyId": "vp1",
      "asset": "ETH",
      "side": "buy",
      "amount": 19632.466312569453,
      "price": 3331.9851989145764,
      "timestamp": "2024-04-04T00:00:00.000Z"
    },
    {
      "id": "vp1-1763182349398-0.9377384541111334",
      "strategyId": "vp1",
      "asset": "USDC",
      "side": "buy",
      "amount": 19632.466312569453,
      "price": 3331.9851989145764,
      "timestamp": "2024-04-04T00:00:00.000Z"
    },
    {
      "id": "op1-1763182349399-0.7370124415171225",
      "strategyId": "op1",
      "asset": "ETH-USDC-OPTIONS",
      "side": "sell",
      "amount": 11767.479787541672,
      "price": 3325.327885829832,
      "timestamp": "2024-04-04T00:00:00.000Z"
    },
    {
      "id": "vp1-1763182364251-0.2511937785573959",
      "strategyId": "vp1",
      "asset": "ETH",
      "side": "buy",
      "amount": 19566.738497025184,
      "price": 3322.664970605535,
      "timestamp": "2024-04-05T00:00:00.000Z"
    },
    {
      "id": "vp1-1763182364251-0.7570718967139979",
      "strategyId": "vp1",
      "asset": "USDC",
      "side": "buy",
      "amount": 19566.738497025184,
      "price": 3322.664970605535,
      "timestamp": "2024-04-05T00:00:00.000Z"
    },
    {
      "id": "op1-1763182364252-0.28835840649451605",
      "strategyId": "op1",
      "asset": "ETH-USDC-OPTIONS",
      "side": "sell",
      "amount": 11728.043098215108,
      "price": 3316.0262793555744,
      "timestamp": "2024-04-05T00:00:00.000Z"
    },
    {
      "id": "vp1-1763182377763-0.47570519146697376",
      "strategyId": "vp1",
      "asset": "ETH",
      "side": "buy",
      "amount": 19502.10221185722,
      "price": 3356.8611493780245,
      "timestamp": "2024-04-06T00:00:00.000Z"
    },
    {
      "id": "vp1-1763182377763-0.9010536079587493",
      "strategyId": "vp1",
      "asset": "USDC",
      "side": "buy",
      "amount": 19502.10221185722,
      "price": 3356.8611493780245,
      "timestamp": "2024-04-06T00:00:00.000Z"
    },
    {
      "id": "op1-1763182377764-0.3102819169049835",
      "strategyId": "op1",
      "asset": "ETH-USDC-OPTIONS",
      "side": "sell",
      "amount": 11689.261327114331,
      "price": 3350.1541340945523,
      "timestamp": "2024-04-06T00:00:00.000Z"
    },
    {
      "id": "vp1-1763182391383-0.4476651770101353",
      "strategyId": "vp1",
      "asset": "ETH",
      "side": "buy",
      "amount": 19435.87516580031,
      "price": 3457.3858104661977,
      "timestamp": "2024-04-07T00:00:00.000Z"
    },
    {
      "id": "vp1-1763182391383-0.48655195372807114",
      "strategyId": "vp1",
      "asset": "USDC",
      "side": "buy",
      "amount": 19435.87516580031,
      "price": 3457.3858104661977,
      "timestamp": "2024-04-07T00:00:00.000Z"
    },
    {
      "id": "op1-1763182391383-0.7266973567465281",
      "strategyId": "op1",
      "asset": "ETH-USDC-OPTIONS",
      "side": "sell",
      "amount": 11649.525099480185,
      "price": 3450.4779467090225,
      "timestamp": "2024-04-07T00:00:00.000Z"
    },
    {
      "id": "vp1-1763182405412-0.8743102759353059",
      "strategyId": "vp1",
      "asset": "ETH",
      "side": "buy",
      "amount": 19363.97610328898,
      "price": 3696.8279790084134,
      "timestamp": "2024-04-08T00:00:00.000Z"
    },
    {
      "id": "vp1-1763182405412-0.8015497158699834",
      "strategyId": "vp1",
      "asset": "USDC",
      "side": "buy",
      "amount": 19363.97610328898,
      "price": 3696.8279790084134,
      "timestamp": "2024-04-08T00:00:00.000Z"
    },
    {
      "id": "op1-1763182405412-0.36683241231316555",
      "strategyId": "op1",
      "asset": "ETH-USDC-OPTIONS",
      "side": "sell",
      "amount": 11606.385661973389,
      "price": 3689.441709320085,
      "timestamp": "2024-04-08T00:00:00.000Z"
    },
    {
      "id": "vp1-1763182418724-0.2528038053607189",
      "strategyId": "vp1",
      "asset": "ETH",
      "side": "buy",
      "amount": 19277.27634541073,
      "price": 3507.634227309951,
      "timestamp": "2024-04-09T00:00:00.000Z"
    },
    {
      "id": "vp1-1763182418724-0.1369175281427183",
      "strategyId": "vp1",
      "asset": "USDC",
      "side": "buy",
      "amount": 19277.27634541073,
      "price": 3507.634227309951,
      "timestamp": "2024-04-09T00:00:00.000Z"
    },
    {
      "id": "op1-1763182418724-0.7029613473364172",
      "strategyId": "op1",
      "asset": "ETH-USDC-OPTIONS",
      "side": "sell",
      "amount": 11554.365807246439,
      "price": 3500.6259671155253,
      "timestamp": "2024-04-09T00:00:00.000Z"
    },
    {
      "id": "vp1-1763182431728-0.08504052392088901",
      "strategyId": "vp1",
      "asset": "ETH",
      "side": "buy",
      "amount": 19204.070949315977,
      "price": 3547.3169674714536,
      "timestamp": "2024-04-10T00:00:00.000Z"
    },
    {
      "id": "vp1-1763182431728-0.4972830201467314",
      "strategyId": "vp1",
      "asset": "USDC",
      "side": "buy",
      "amount": 19204.070949315977,
      "price": 3547.3169674714536,
      "timestamp": "2024-04-10T00:00:00.000Z"
    },
    {
      "id": "op1-1763182431729-0.6194488775989451",
      "strategyId": "op1",
      "asset": "ETH-USDC-OPTIONS",
      "side": "sell",
      "amount": 11510.442569589584,
      "price": 3540.2294210829,
      "timestamp": "2024-04-10T00:00:00.000Z"
    },
    {
      "id": "vp1-1763182444427-0.634838209584496",
      "strategyId": "vp1",
      "asset": "ETH",
      "side": "buy",
      "amount": 19129.273375411078,
      "price": 3507.7824019829823,
      "timestamp": "2024-04-11T00:00:00.000Z"
    },
    {
      "id": "vp1-1763182444427-0.9346303436369815",
      "strategyId": "vp1",
      "asset": "USDC",
      "side": "buy",
      "amount": 19129.273375411078,
      "price": 3507.7824019829823,
      "timestamp": "2024-04-11T00:00:00.000Z"
    },
    {
      "id": "op1-1763182444427-0.293946349674036",
      "strategyId": "op1",
      "asset": "ETH-USDC-OPTIONS",
      "side": "sell",
      "amount": 11465.564025246646,
      "price": 3500.773845735265,
      "timestamp": "2024-04-11T00:00:00.000Z"
    },
    {
      "id": "vp1-1763182458455-0.9204517089937623",
      "strategyId": "vp1",
      "asset": "ETH",
      "side": "buy",
      "amount": 19057.758660270356,
      "price": 3243.5378344085634,
      "timestamp": "2024-04-12T00:00:00.000Z"
    },
    {
      "id": "vp1-1763182458455-0.48350198628212837",
      "strategyId": "vp1",
      "asset": "USDC",
      "side": "buy",
      "amount": 19057.758660270356,
      "price": 3243.5378344085634,
      "timestamp": "2024-04-12T00:00:00.000Z"
    },
    {
      "id": "op1-1763182458456-0.9108589441965891",
      "strategyId": "op1",
      "asset": "ETH-USDC-OPTIONS",
      "side": "sell",
      "amount": 11422.655196162214,
      "price": 3237.05723933482,
      "timestamp": "2024-04-12T00:00:00.000Z"
    },
    {
      "id": "vp1-1763182472894-0.12716928631348767",
      "strategyId": "vp1",
      "asset": "ETH",
      "side": "buy",
      "amount": 19001.57697835352,
      "price": 3019.110134829547,
      "timestamp": "2024-04-13T00:00:00.000Z"
    },
    {
      "id": "vp1-1763182472894-0.4488426228852216",
      "strategyId": "vp1",
      "asset": "USDC",
      "side": "buy",
      "amount": 19001.57697835352,
      "price": 3019.110134829547,
      "timestamp": "2024-04-13T00:00:00.000Z"
    },
    {
      "id": "op1-1763182472894-0.36792154820442047",
      "strategyId": "op1",
      "asset": "ETH-USDC-OPTIONS",
      "side": "sell",
      "amount": 11388.946187012114,
      "price": 3013.0779467479697,
      "timestamp": "2024-04-13T00:00:00.000Z"
    },
    {
      "id": "vp1-1763182488356-0.20981927875670692",
      "strategyId": "vp1",
      "asset": "ETH",
      "side": "buy",
      "amount": 18956.229315001616,
      "price": 3160.4236029668705,
      "timestamp": "2024-04-14T00:00:00.000Z"
    },
    {
      "id": "vp1-1763182488356-0.2847568658175177",
      "strategyId": "vp1",
      "asset": "USDC",
      "side": "buy",
      "amount": 18956.229315001616,
      "price": 3160.4236029668705,
      "timestamp": "2024-04-14T00:00:00.000Z"
    },
    {
      "id": "op1-1763182488357-0.5218040405332804",
      "strategyId": "op1",
      "asset": "ETH-USDC-OPTIONS",
      "side": "sell",
      "amount": 11361.737589000968,
      "price": 3154.1090702936103,
      "timestamp": "2024-04-14T00:00:00.000Z"
    },
    {
      "id": "vp1-1763182503000-0.9398968729450865",
      "strategyId": "vp1",
      "asset": "ETH",
      "side": "buy",
      "amount": 18904.641135567286,
      "price": 3104.919290093008,
      "timestamp": "2024-04-15T00:00:00.000Z"
    },
    {
      "id": "vp1-1763182503000-0.8577200413928208",
      "strategyId": "vp1",
      "asset": "USDC",
      "side": "buy",
      "amount": 18904.641135567286,
      "price": 3104.919290093008,
      "timestamp": "2024-04-15T00:00:00.000Z"
    },
    {
      "id": "op1-1763182503000-0.16059627468950644",
      "strategyId": "op1",
      "asset": "ETH-USDC-OPTIONS",
      "side": "sell",
      "amount": 11330.784681340374,
      "price": 3098.7156551477674,
      "timestamp": "2024-04-15T00:00:00.000Z"
    },
    {
      "id": "vp1-1763182519180-0.6702171758153138",
      "strategyId": "vp1",
      "asset": "ETH",
      "side": "buy",
      "amount": 18855.840834830185,
      "price": 3087.3803019270754,
      "timestamp": "2024-04-16T00:00:00.000Z"
    },
    {
      "id": "vp1-1763182519180-0.9499286355530948",
      "strategyId": "vp1",
      "asset": "USDC",
      "side": "buy",
      "amount": 18855.840834830185,
      "price": 3087.3803019270754,
      "timestamp": "2024-04-16T00:00:00.000Z"
    },
    {
      "id": "op1-1763182519180-0.22421131485896428",
      "strategyId": "op1",
      "asset": "ETH-USDC-OPTIONS",
      "side": "sell",
      "amount": 11301.50450089811,
      "price": 3081.2117099152333,
      "timestamp": "2024-04-16T00:00:00.000Z"
    },
    {
      "id": "vp1-1763182533720-0.9280511165089912",
      "strategyId": "vp1",
      "asset": "ETH",
      "side": "buy",
      "amount": 18807.992085372378,
      "price": 2987.627270654257,
      "timestamp": "2024-04-17T00:00:00.000Z"
    },
    {
      "id": "vp1-1763182533720-0.20181883125397737",
      "strategyId": "vp1",
      "asset": "USDC",
      "side": "buy",
      "amount": 18807.992085372378,
      "price": 2987.627270654257,
      "timestamp": "2024-04-17T00:00:00.000Z"
    },
    {
      "id": "op1-1763182533720-0.36477671602524475",
      "strategyId": "op1",
      "asset": "ETH-USDC-OPTIONS",
      "side": "sell",
      "amount": 11272.795251223426,
      "price": 2981.6579853982043,
      "timestamp": "2024-04-17T00:00:00.000Z"
    },
    {
      "id": "vp1-1763182549592-0.9094837646042991",
      "strategyId": "vp1",
      "asset": "ETH",
      "side": "buy",
      "amount": 18764.468705279054,
      "price": 3068.4578990197806,
      "timestamp": "2024-04-18T00:00:00.000Z"
    },
    {
      "id": "vp1-1763182549592-0.5189228137634134",
      "strategyId": "vp1",
      "asset": "USDC",
      "side": "buy",
      "amount": 18764.468705279054,
      "price": 3068.4578990197806,
      "timestamp": "2024-04-18T00:00:00.000Z"
    },
    {
      "id": "op1-1763182549592-0.1954971924189468",
      "strategyId": "op1",
      "asset": "ETH-USDC-OPTIONS",
      "side": "sell",
      "amount": 11246.681223167434,
      "price": 3062.327114006754,
      "timestamp": "2024-04-18T00:00:00.000Z"
    },
    {
      "id": "vp1-1763182564440-0.7098138304081837",
      "strategyId": "vp1",
      "asset": "ETH",
      "side": "buy",
      "amount": 18717.708870494218,
      "price": 3061.6038110616046,
      "timestamp": "2024-04-19T00:00:00.000Z"
    },
    {
      "id": "vp1-1763182564440-0.7745134894064444",
      "strategyId": "vp1",
      "asset": "USDC",
      "side": "buy",
      "amount": 18717.708870494218,
      "price": 3061.6038110616046,
      "timestamp": "2024-04-19T00:00:00.000Z"
    },
    {
      "id": "op1-1763182564441-0.7949069739356688",
      "strategyId": "op1",
      "asset": "ETH-USDC-OPTIONS",
      "side": "sell",
      "amount": 11218.625322296532,
      "price": 3055.4867205300134,
      "timestamp": "2024-04-19T00:00:00.000Z"
    },
    {
      "id": "vp1-1763182581746-0.6538362295685513",
      "strategyId": "vp1",
      "asset": "ETH",
      "side": "buy",
      "amount": 18671.3811106478,
      "price": 3159.5813144548947,
      "timestamp": "2024-04-20T00:00:00.000Z"
    },
    {
      "id": "vp1-1763182581746-0.27092997605257974",
      "strategyId": "vp1",
      "asset": "USDC",
      "side": "buy",
      "amount": 18671.3811106478,
      "price": 3159.5813144548947,
      "timestamp": "2024-04-20T00:00:00.000Z"
    },
    {
      "id": "op1-1763182581746-0.4256827190918733",
      "strategyId": "op1",
      "asset": "ETH-USDC-OPTIONS",
      "side": "sell",
      "amount": 11190.82866638868,
      "price": 3153.2684646757643,
      "timestamp": "2024-04-20T00:00:00.000Z"
    },
    {
      "id": "vp1-1763182599768-0.9071287381389438",
      "strategyId": "vp1",
      "asset": "ETH",
      "side": "buy",
      "amount": 18620.924723860124,
      "price": 3151.614301150171,
      "timestamp": "2024-04-21T00:00:00.000Z"
    },
    {
      "id": "vp1-1763182599768-0.9156699056481707",
      "strategyId": "vp1",
      "asset": "USDC",
      "side": "buy",
      "amount": 18620.924723860124,
      "price": 3151.614301150171,
      "timestamp": "2024-04-21T00:00:00.000Z"
    },
    {
      "id": "op1-1763182599769-0.35020850422470895",
      "strategyId": "op1",
      "asset": "ETH-USDC-OPTIONS",
      "side": "sell",
      "amount": 11160.554834316075,
      "price": 3145.3173694795414,
      "timestamp": "2024-04-21T00:00:00.000Z"
    },
    {
      "id": "vp1-1763182618098-0.1583692423371149",
      "strategyId": "vp1",
      "asset": "ETH",
      "side": "buy",
      "amount": 18571.031751522663,
      "price": 3204.0265956453413,
      "timestamp": "2024-04-22T00:00:00.000Z"
    },
    {
      "id": "vp1-1763182618098-0.6165663870996064",
      "strategyId": "vp1",
      "asset": "USDC",
      "side": "buy",
      "amount": 18571.031751522663,
      "price": 3204.0265956453413,
      "timestamp": "2024-04-22T00:00:00.000Z"
    },
    {
      "id": "op1-1763182618099-0.16612283232851532",
      "strategyId": "op1",
      "asset": "ETH-USDC-OPTIONS",
      "side": "sell",
      "amount": 11130.6190509136,
      "price": 3197.6249441055907,
      "timestamp": "2024-04-22T00:00:00.000Z"
    },
    {
      "id": "vp1-1763182634687-0.13554182196940745",
      "strategyId": "vp1",
      "asset": "ETH",
      "side": "buy",
      "amount": 18518.992620192035,
      "price": 3223.608664402589,
      "timestamp": "2024-04-23T00:00:00.000Z"
    },
    {
      "id": "vp1-1763182634687-0.36179736272132823",
      "strategyId": "vp1",
      "asset": "USDC",
      "side": "buy",
      "amount": 18518.992620192035,
      "price": 3223.608664402589,
      "timestamp": "2024-04-23T00:00:00.000Z"
    },
    {
      "id": "op1-1763182634688-0.9109211787717257",
      "strategyId": "op1",
      "asset": "ETH-USDC-OPTIONS",
      "side": "sell",
      "amount": 11099.395572115222,
      "price": 3217.1678878503367,
      "timestamp": "2024-04-23T00:00:00.000Z"
    },
    {
      "id": "vp1-1763182650048-0.02404888246063519",
      "strategyId": "vp1",
      "asset": "ETH",
      "side": "buy",
      "amount": 18466.3140982408,
      "price": 3141.400251445102,
      "timestamp": "2024-04-24T00:00:00.000Z"
    },
    {
      "id": "vp1-1763182650048-0.9814030788135416",
      "strategyId": "vp1",
      "asset": "USDC",
      "side": "buy",
      "amount": 18466.3140982408,
      "price": 3141.400251445102,
      "timestamp": "2024-04-24T00:00:00.000Z"
    },
    {
      "id": "op1-1763182650048-0.3012833754774712",
      "strategyId": "op1",
      "asset": "ETH-USDC-OPTIONS",
      "side": "sell",
      "amount": 11067.78845894448,
      "price": 3135.123727466191,
      "timestamp": "2024-04-24T00:00:00.000Z"
    },
    {
      "id": "vp1-1763182665141-0.9613191098243143",
      "strategyId": "vp1",
      "asset": "ETH",
      "side": "buy",
      "amount": 18417.510267767186,
      "price": 3160.333484525617,
      "timestamp": "2024-04-25T00:00:00.000Z"
    },
    {
      "id": "vp1-1763182665141-0.6532662840460116",
      "strategyId": "vp1",
      "asset": "USDC",
      "side": "buy",
      "amount": 18417.510267767186,
      "price": 3160.333484525617,
      "timestamp": "2024-04-25T00:00:00.000Z"
    },
    {
      "id": "op1-1763182665141-0.7012269869053573",
      "strategyId": "op1",
      "asset": "ETH-USDC-OPTIONS",
      "side": "sell",
      "amount": 11038.506160660312,
      "price": 3154.0191319091828,
      "timestamp": "2024-04-25T00:00:00.000Z"
    },
    {
      "id": "vp1-1763182682814-0.18515179382932467",
      "strategyId": "vp1",
      "asset": "ETH",
      "side": "buy",
      "amount": 18368.087930639693,
      "price": 3133.0436543754877,
      "timestamp": "2024-04-26T00:00:00.000Z"
    },
    {
      "id": "vp1-1763182682814-0.9726792104322998",
      "strategyId": "vp1",
      "asset": "USDC",
      "side": "buy",
      "amount": 18368.087930639693,
      "price": 3133.0436543754877,
      "timestamp": "2024-04-26T00:00:00.000Z"
    },
    {
      "id": "op1-1763182682814-0.9110629709026538",
      "strategyId": "op1",
      "asset": "ETH-USDC-OPTIONS",
      "side": "sell",
      "amount": 11008.852758383817,
      "price": 3126.7838268942182,
      "timestamp": "2024-04-26T00:00:00.000Z"
    },
    {
      "id": "vp1-1763182697596-0.21989317777061268",
      "strategyId": "vp1",
      "asset": "ETH",
      "side": "buy",
      "amount": 18320.0084513918,
      "price": 3255.0283041684684,
      "timestamp": "2024-04-27T00:00:00.000Z"
    },
    {
      "id": "vp1-1763182697596-0.11908750088733189",
      "strategyId": "vp1",
      "asset": "USDC",
      "side": "buy",
      "amount": 18320.0084513918,
      "price": 3255.0283041684684,
      "timestamp": "2024-04-27T00:00:00.000Z"
    },
    {
      "id": "op1-1763182697597-0.5826977647167392",
      "strategyId": "op1",
      "asset": "ETH-USDC-OPTIONS",
      "side": "sell",
      "amount": 10980.005070835081,
      "price": 3248.524751113187,
      "timestamp": "2024-04-27T00:00:00.000Z"
    },
    {
      "id": "vp1-1763182715891-0.1374008793752235",
      "strategyId": "vp1",
      "asset": "ETH",
      "side": "buy",
      "amount": 18266.87115754768,
      "price": 3266.0746093344146,
      "timestamp": "2024-04-28T00:00:00.000Z"
    },
    {
      "id": "vp1-1763182715891-0.47733151293558407",
      "strategyId": "vp1",
      "asset": "USDC",
      "side": "buy",
      "amount": 18266.87115754768,
      "price": 3266.0746093344146,
      "timestamp": "2024-04-28T00:00:00.000Z"
    },
    {
      "id": "op1-1763182715891-0.7251921872712058",
      "strategyId": "op1",
      "asset": "ETH-USDC-OPTIONS",
      "side": "sell",
      "amount": 10948.122694528609,
      "price": 3259.5489857393413,
      "timestamp": "2024-04-28T00:00:00.000Z"
    },
    {
      "id": "vp1-1763182731251-0.10004995647669113",
      "strategyId": "vp1",
      "asset": "ETH",
      "side": "buy",
      "amount": 18213.536165637448,
      "price": 3218.198216396733,
      "timestamp": "2024-04-29T00:00:00.000Z"
    },
    {
      "id": "vp1-1763182731251-0.8110464417888021",
      "strategyId": "vp1",
      "asset": "USDC",
      "side": "buy",
      "amount": 18213.536165637448,
      "price": 3218.198216396733,
      "timestamp": "2024-04-29T00:00:00.000Z"
    },
    {
      "id": "op1-1763182731252-0.140717150837954",
      "strategyId": "op1",
      "asset": "ETH-USDC-OPTIONS",
      "side": "sell",
      "amount": 10916.12169938247,
      "price": 3211.7682499304065,
      "timestamp": "2024-04-29T00:00:00.000Z"
    },
    {
      "id": "vp1-1763182744564-0.7263408772602178",
      "strategyId": "vp1",
      "asset": "ETH",
      "side": "buy",
      "amount": 18162.56650406199,
      "price": 3014.4254017759276,
      "timestamp": "2024-04-30T00:00:00.000Z"
    },
    {
      "id": "vp1-1763182744564-0.31805343258002416",
      "strategyId": "vp1",
      "asset": "USDC",
      "side": "buy",
      "amount": 18162.56650406199,
      "price": 3014.4254017759276,
      "timestamp": "2024-04-30T00:00:00.000Z"
    },
    {
      "id": "op1-1763182744564-0.44280255114035916",
      "strategyId": "op1",
      "asset": "ETH-USDC-OPTIONS",
      "side": "sell",
      "amount": 10885.539902437195,
      "price": 3008.4025738003515,
      "timestamp": "2024-04-30T00:00:00.000Z"
    },
    {
      "id": "vp1-1763182758695-0.45815121383283874",
      "strategyId": "vp1",
      "asset": "ETH",
      "side": "buy",
      "amount": 18119.789660974468,
      "price": 2972.740172156733,
      "timestamp": "2024-05-01T00:00:00.000Z"
    },
    {
      "id": "vp1-1763182758695-0.2992428307277293",
      "strategyId": "vp1",
      "asset": "USDC",
      "side": "buy",
      "amount": 18119.789660974468,
      "price": 2972.740172156733,
      "timestamp": "2024-05-01T00:00:00.000Z"
    },
    {
      "id": "op1-1763182758695-0.3378757161763992",
      "strategyId": "op1",
      "asset": "ETH-USDC-OPTIONS",
      "side": "sell",
      "amount": 10859.873796584681,
      "price": 2966.8006313532237,
      "timestamp": "2024-05-01T00:00:00.000Z"
    },
    {
      "id": "vp1-1763182775898-0.49858249881039785",
      "strategyId": "vp1",
      "asset": "ETH",
      "side": "buy",
      "amount": 18078.556103710263,
      "price": 2990.952538303907,
      "timestamp": "2024-05-02T00:00:00.000Z"
    },
    {
      "id": "vp1-1763182775898-0.4763952553435722",
      "strategyId": "vp1",
      "asset": "USDC",
      "side": "buy",
      "amount": 18078.556103710263,
      "price": 2990.952538303907,
      "timestamp": "2024-05-02T00:00:00.000Z"
    },
    {
      "id": "op1-1763182775898-0.8565839028412332",
      "strategyId": "op1",
      "asset": "ETH-USDC-OPTIONS",
      "side": "sell",
      "amount": 10835.133662226159,
      "price": 2984.9766091564475,
      "timestamp": "2024-05-02T00:00:00.000Z"
    },
    {
      "id": "vp1-1763182791975-0.4561804854352831",
      "strategyId": "vp1",
      "asset": "ETH",
      "side": "buy",
      "amount": 18036.773953779106,
      "price": 3105.3832246522647,
      "timestamp": "2024-05-03T00:00:00.000Z"
    },
    {
      "id": "vp1-1763182791975-0.8938923453045944",
      "strategyId": "vp1",
      "asset": "USDC",
      "side": "buy",
      "amount": 18036.773953779106,
      "price": 3105.3832246522647,
      "timestamp": "2024-05-03T00:00:00.000Z"
    },
    {
      "id": "op1-1763182791975-0.045389069746552435",
      "strategyId": "op1",
      "asset": "ETH-USDC-OPTIONS",
      "side": "sell",
      "amount": 10810.064372267465,
      "price": 3099.178662764848,
      "timestamp": "2024-05-03T00:00:00.000Z"
    },
    {
      "id": "vp1-1763182808959-0.44412087741495976",
      "strategyId": "vp1",
      "asset": "ETH",
      "side": "buy",
      "amount": 17990.937921689794,
      "price": 3119.190384885218,
      "timestamp": "2024-05-04T00:00:00.000Z"
    },
    {
      "id": "vp1-1763182808959-0.6460143770172546",
      "strategyId": "vp1",
      "asset": "USDC",
      "side": "buy",
      "amount": 17990.937921689794,
      "price": 3119.190384885218,
      "timestamp": "2024-05-04T00:00:00.000Z"
    },
    {
      "id": "op1-1763182808959-0.9543657245051561",
      "strategyId": "op1",
      "asset": "ETH-USDC-OPTIONS",
      "side": "sell",
      "amount": 10782.562753013877,
      "price": 3112.958236264069,
      "timestamp": "2024-05-04T00:00:00.000Z"
    },
    {
      "id": "vp1-1763182824948-0.26011568234886306",
      "strategyId": "vp1",
      "asset": "ETH",
      "side": "buy",
      "amount": 17944.72217460893,
      "price": 3141.0910084648594,
      "timestamp": "2024-05-05T00:00:00.000Z"
    },
    {
      "id": "vp1-1763182824948-0.7700634371091113",
      "strategyId": "vp1",
      "asset": "USDC",
      "side": "buy",
      "amount": 17944.72217460893,
      "price": 3141.0910084648594,
      "timestamp": "2024-05-05T00:00:00.000Z"
    },
    {
      "id": "op1-1763182824949-0.20590843093852385",
      "strategyId": "op1",
      "asset": "ETH-USDC-OPTIONS",
      "side": "sell",
      "amount": 10754.833304765358,
      "price": 3134.815102354041,
      "timestamp": "2024-05-05T00:00:00.000Z"
    },
    {
      "id": "vp1-1763182841649-0.16419472211925923",
      "strategyId": "vp1",
      "asset": "ETH",
      "side": "buy",
      "amount": 17897.82613632734,
      "price": 3066.1487059176325,
      "timestamp": "2024-05-06T00:00:00.000Z"
    },
    {
      "id": "vp1-1763182841649-0.2789034075223801",
      "strategyId": "vp1",
      "asset": "USDC",
      "side": "buy",
      "amount": 17897.82613632734,
      "price": 3066.1487059176325,
      "timestamp": "2024-05-06T00:00:00.000Z"
    },
    {
      "id": "op1-1763182841650-0.6492849461474154",
      "strategyId": "op1",
      "asset": "ETH-USDC-OPTIONS",
      "side": "sell",
      "amount": 10726.695681796404,
      "price": 3060.022534677038,
      "timestamp": "2024-05-06T00:00:00.000Z"
    },
    {
      "id": "vp1-1763182860816-0.6410891800027413",
      "strategyId": "vp1",
      "asset": "ETH",
      "side": "buy",
      "amount": 17853.85507308926,
      "price": 3008.9412335109423,
      "timestamp": "2024-05-07T00:00:00.000Z"
    },
    {
      "id": "vp1-1763182860816-0.14981535943473245",
      "strategyId": "vp1",
      "asset": "USDC",
      "side": "buy",
      "amount": 17853.85507308926,
      "price": 3008.9412335109423,
      "timestamp": "2024-05-07T00:00:00.000Z"
    },
    {
      "id": "op1-1763182860816-0.2503563847824266",
      "strategyId": "op1",
      "asset": "ETH-USDC-OPTIONS",
      "side": "sell",
      "amount": 10700.313043853557,
      "price": 3002.9293629145172,
      "timestamp": "2024-05-07T00:00:00.000Z"
    },
    {
      "id": "vp1-1763182875841-0.5039712550000505",
      "strategyId": "vp1",
      "asset": "ETH",
      "side": "buy",
      "amount": 17811.97098870898,
      "price": 2976.706014978241,
      "timestamp": "2024-05-08T00:00:00.000Z"
    },
    {
      "id": "vp1-1763182875841-0.31052431558727034",
      "strategyId": "vp1",
      "asset": "USDC",
      "side": "buy",
      "amount": 17811.97098870898,
      "price": 2976.706014978241,
      "timestamp": "2024-05-08T00:00:00.000Z"
    },
    {
      "id": "op1-1763182875842-0.3994155301923288",
      "strategyId": "op1",
      "asset": "ETH-USDC-OPTIONS",
      "side": "sell",
      "amount": 10675.18259322539,
      "price": 2970.75855041285,
      "timestamp": "2024-05-08T00:00:00.000Z"
    },
    {
      "id": "vp1-1763182896015-0.010282682735963666",
      "strategyId": "vp1",
      "asset": "ETH",
      "side": "buy",
      "amount": 17771.228004234057,
      "price": 3040.029054537018,
      "timestamp": "2024-05-09T00:00:00.000Z"
    },
    {
      "id": "vp1-1763182896015-0.038970594617515175",
      "strategyId": "vp1",
      "asset": "USDC",
      "side": "buy",
      "amount": 17771.228004234057,
      "price": 3040.029054537018,
      "timestamp": "2024-05-09T00:00:00.000Z"
    },
    {
      "id": "op1-1763182896015-0.04393956768884333",
      "strategyId": "op1",
