{
  "metrics": {
    "totalReturn": -54.29451521358146,
    "sharpeRatio": -0.12898932321586368,
    "maxDrawdown": 64.79480650210003,
    "finalValue": 45705.484786418536
  },
  "trades": [
    {
      "id": "vp1-1763180882508-0.6080555880950275",
      "strategyId": "vp1",
      "asset": "ETH",
      "side": "buy",
      "amount": 20000,
      "price": 2353.6274588927404,
      "timestamp": "2024-01-01T00:00:00.000Z"
    },
    {
      "id": "vp1-1763180882508-0.8559759805029972",
      "strategyId": "vp1",
      "asset": "USDC",
      "side": "buy",
      "amount": 20000,
      "price": 2353.6274588927404,
      "timestamp": "2024-01-01T00:00:00.000Z"
    },
    {
      "id": "op1-1763180882510-0.5191250272788179",
      "strategyId": "op1",
      "asset": "ETH-USDC-OPTIONS",
      "side": "sell",
      "amount": 11988,
      "price": 2348.9249065273207,
      "timestamp": "2024-01-01T00:00:00.000Z"
    },
    {
      "id": "vp1-1763180883532-0.6307759724776927",
      "strategyId": "vp1",
      "asset": "ETH",
      "side": "buy",
      "amount": 25965.194475721266,
      "price": 2358.331680314217,
      "timestamp": "2024-01-02T00:00:00.000Z"
    },
    {
      "id": "vp1-1763180883532-0.06270787613648654",
      "strategyId": "vp1",
      "asset": "USDC",
      "side": "buy",
      "amount": 25965.194475721266,
      "price": 2358.331680314217,
      "timestamp": "2024-01-02T00:00:00.000Z"
    },
    {
      "id": "op1-1763180883532-0.7165884066497913",
      "strategyId": "op1",
      "asset": "ETH-USDC-OPTIONS",
      "side": "sell",
      "amount": 15567.116685432758,
      "price": 2353.6197289049983,
      "timestamp": "2024-01-02T00:00:00.000Z"
    },
    {
      "id": "vp1-1763180884351-0.2725225820032634",
      "strategyId": "vp1",
      "asset": "ETH",
      "side": "buy",
      "amount": 25936.766497410346,
      "price": 2212.3952349018505,
      "timestamp": "2024-01-03T00:00:00.000Z"
    },
    {
      "id": "vp1-1763180884351-0.9360738118425026",
      "strategyId": "vp1",
      "asset": "USDC",
      "side": "buy",
      "amount": 25936.766497410346,
      "price": 2212.3952349018505,
      "timestamp": "2024-01-03T00:00:00.000Z"
    },
    {
      "id": "op1-1763180884351-0.45803409599154576",
      "strategyId": "op1",
      "asset": "ETH-USDC-OPTIONS",
      "side": "sell",
      "amount": 15550.059898446207,
      "price": 2207.974864802147,
      "timestamp": "2024-01-03T00:00:00.000Z"
    },
    {
      "id": "vp1-1763180885594-0.24099928160427786",
      "strategyId": "vp1",
      "asset": "ETH",
      "side": "buy",
      "amount": 25906.13627931998,
      "price": 2272.0157435689944,
      "timestamp": "2024-01-04T00:00:00.000Z"
    },
    {
      "id": "vp1-1763180885594-0.5185254149023433",
      "strategyId": "vp1",
      "asset": "USDC",
      "side": "buy",
      "amount": 25906.13627931998,
      "price": 2272.0157435689944,
      "timestamp": "2024-01-04T00:00:00.000Z"
    },
    {
      "id": "op1-1763180885594-0.6329291932847356",
      "strategyId": "op1",
      "asset": "ETH-USDC-OPTIONS",
      "side": "sell",
      "amount": 15531.681767591988,
      "price": 2267.4762515738516,
      "timestamp": "2024-01-04T00:00:00.000Z"
    },
    {
      "id": "vp1-1763180886808-0.749162860795896",
      "strategyId": "vp1",
      "asset": "ETH",
      "side": "buy",
      "amount": 25877.35253480648,
      "price": 2271.6389418332164,
      "timestamp": "2024-01-05T00:00:00.000Z"
    },
    {
      "id": "vp1-1763180886808-0.14420832312862097",
      "strategyId": "vp1",
      "asset": "USDC",
      "side": "buy",
      "amount": 25877.35253480648,
      "price": 2271.6389418332164,
      "timestamp": "2024-01-05T00:00:00.000Z"
    },
    {
      "id": "op1-1763180886809-0.4050921161608513",
      "strategyId": "op1",
      "asset": "ETH-USDC-OPTIONS",
      "side": "sell",
      "amount": 15514.411520883887,
      "price": 2267.100202688695,
      "timestamp": "2024-01-05T00:00:00.000Z"
    },
    {
      "id": "vp1-1763180888549-0.8715975351760282",
      "strategyId": "vp1",
      "asset": "ETH",
      "side": "buy",
      "amount": 25848.55001375591,
      "price": 2242.9464825168693,
      "timestamp": "2024-01-06T00:00:00.000Z"
    },
    {
      "id": "vp1-1763180888549-0.1439160467390932",
      "strategyId": "vp1",
      "asset": "USDC",
      "side": "buy",
      "amount": 25848.55001375591,
      "price": 2242.9464825168693,
      "timestamp": "2024-01-06T00:00:00.000Z"
    },
    {
      "id": "op1-1763180888549-0.786993333117387",
      "strategyId": "op1",
      "asset": "ETH-USDC-OPTIONS",
      "side": "sell",
      "amount": 15497.130008253545,
      "price": 2238.4650709633893,
      "timestamp": "2024-01-06T00:00:00.000Z"
    },
    {
      "id": "vp1-1763180890085-0.30787421295939",
      "strategyId": "vp1",
      "asset": "ETH",
      "side": "buy",
      "amount": 25818.729745709716,
      "price": 2223.526756232825,
      "timestamp": "2024-01-07T00:00:00.000Z"
    },
    {
      "id": "vp1-1763180890085-0.9667660202781112",
      "strategyId": "vp1",
      "asset": "USDC",
      "side": "buy",
      "amount": 25818.729745709716,
      "price": 2223.526756232825,
      "timestamp": "2024-01-07T00:00:00.000Z"
    },
    {
      "id": "op1-1763180890085-0.2332455646919046",
      "strategyId": "op1",
      "asset": "ETH-USDC-OPTIONS",
      "side": "sell",
      "amount": 15479.23784742583,
      "price": 2219.084145331261,
      "timestamp": "2024-01-07T00:00:00.000Z"
    },
    {
      "id": "vp1-1763180891826-0.5654429844143726",
      "strategyId": "vp1",
      "asset": "ETH",
      "side": "buy",
      "amount": 25788.08630900147,
      "price": 2334.923013290811,
      "timestamp": "2024-01-08T00:00:00.000Z"
    },
    {
      "id": "vp1-1763180891826-0.9334762541877363",
      "strategyId": "vp1",
      "asset": "USDC",
      "side": "buy",
      "amount": 25788.08630900147,
      "price": 2334.923013290811,
      "timestamp": "2024-01-08T00:00:00.000Z"
    },
    {
      "id": "op1-1763180891826-0.7655697754227969",
      "strategyId": "op1",
      "asset": "ETH-USDC-OPTIONS",
      "side": "sell",
      "amount": 15460.851785400882,
      "price": 2330.2578324450756,
      "timestamp": "2024-01-08T00:00:00.000Z"
    },
    {
      "id": "vp1-1763180893669-0.9423127292255553",
      "strategyId": "vp1",
      "asset": "ETH",
      "side": "buy",
      "amount": 25759.89737616836,
      "price": 2347.6249132768253,
      "timestamp": "2024-01-09T00:00:00.000Z"
    },
    {
      "id": "vp1-1763180893669-0.25458188145482497",
      "strategyId": "vp1",
      "asset": "USDC",
      "side": "buy",
      "amount": 25759.89737616836,
      "price": 2347.6249132768253,
      "timestamp": "2024-01-09T00:00:00.000Z"
    },
    {
      "id": "op1-1763180893669-0.3338215905454577",
      "strategyId": "op1",
      "asset": "ETH-USDC-OPTIONS",
      "side": "sell",
      "amount": 15443.938425701013,
      "price": 2342.934354009539,
      "timestamp": "2024-01-09T00:00:00.000Z"
    },
    {
      "id": "vp1-1763180895000-0.5425397005866118",
      "strategyId": "vp1",
      "asset": "ETH",
      "side": "buy",
      "amount": 25731.892284017358,
      "price": 2585.99878557103,
      "timestamp": "2024-01-10T00:00:00.000Z"
    },
    {
      "id": "vp1-1763180895000-0.9841168457581129",
      "strategyId": "vp1",
      "asset": "USDC",
      "side": "buy",
      "amount": 25731.892284017358,
      "price": 2585.99878557103,
      "timestamp": "2024-01-10T00:00:00.000Z"
    },
    {
      "id": "op1-1763180895000-0.004815609462268999",
      "strategyId": "op1",
      "asset": "ETH-USDC-OPTIONS",
      "side": "sell",
      "amount": 15427.135370410415,
      "price": 2580.831954830629,
      "timestamp": "2024-01-10T00:00:00.000Z"
    },
    {
      "id": "vp1-1763180897130-0.5131804539075884",
      "strategyId": "vp1",
      "asset": "ETH",
      "side": "buy",
      "amount": 25697.43798247943,
      "price": 2620.4356860880016,
      "timestamp": "2024-01-11T00:00:00.000Z"
    },
    {
      "id": "vp1-1763180897130-0.1333368467838172",
      "strategyId": "vp1",
      "asset": "USDC",
      "side": "buy",
      "amount": 25697.43798247943,
      "price": 2620.4356860880016,
      "timestamp": "2024-01-11T00:00:00.000Z"
    },
    {
      "id": "op1-1763180897131-0.555041906587781",
      "strategyId": "op1",
      "asset": "ETH-USDC-OPTIONS",
      "side": "sell",
      "amount": 15406.462789487656,
      "price": 2615.2000503515624,
      "timestamp": "2024-01-11T00:00:00.000Z"
    },
    {
      "id": "vp1-1763180899813-0.9058314786270664",
      "strategyId": "vp1",
      "asset": "ETH",
      "side": "buy",
      "amount": 25660.9948707532,
      "price": 2524.187112915272,
      "timestamp": "2024-01-12T00:00:00.000Z"
    },
    {
      "id": "vp1-1763180899813-0.9328905721033166",
      "strategyId": "vp1",
      "asset": "USDC",
      "side": "buy",
      "amount": 25660.9948707532,
      "price": 2524.187112915272,
      "timestamp": "2024-01-12T00:00:00.000Z"
    },
    {
      "id": "op1-1763180899813-0.9996406839655805",
      "strategyId": "op1",
      "asset": "ETH-USDC-OPTIONS",
      "side": "sell",
      "amount": 15384.59692245192,
      "price": 2519.1437820203364,
      "timestamp": "2024-01-12T00:00:00.000Z"
    },
    {
      "id": "vp1-1763180902783-0.15629594844169326",
      "strategyId": "vp1",
      "asset": "ETH",
      "side": "buy",
      "amount": 25629.693536036815,
      "price": 2579.800235131231,
      "timestamp": "2024-01-13T00:00:00.000Z"
    },
    {
      "id": "vp1-1763180902783-0.9609118083330749",
      "strategyId": "vp1",
      "asset": "USDC",
      "side": "buy",
      "amount": 25629.693536036815,
      "price": 2579.800235131231,
      "timestamp": "2024-01-13T00:00:00.000Z"
    },
    {
      "id": "op1-1763180902783-0.19570005870530416",
      "strategyId": "op1",
      "asset": "ETH-USDC-OPTIONS",
      "side": "sell",
      "amount": 15365.816121622089,
      "price": 2574.645789106993,
      "timestamp": "2024-01-13T00:00:00.000Z"
    },
    {
      "id": "vp1-1763180905593-0.7417660485321138",
      "strategyId": "vp1",
      "asset": "ETH",
      "side": "buy",
      "amount": 25595.703317763495,
      "price": 2473.887527741933,
      "timestamp": "2024-01-14T00:00:00.000Z"
    },
    {
      "id": "vp1-1763180905593-0.8355161529616524",
      "strategyId": "vp1",
      "asset": "USDC",
      "side": "buy",
      "amount": 25595.703317763495,
      "price": 2473.887527741933,
      "timestamp": "2024-01-14T00:00:00.000Z"
    },
    {
      "id": "op1-1763180905593-0.3982633301864895",
      "strategyId": "op1",
      "asset": "ETH-USDC-OPTIONS",
      "side": "sell",
      "amount": 15345.421990658097,
      "price": 2468.9446955186727,
      "timestamp": "2024-01-14T00:00:00.000Z"
    },
    {
      "id": "vp1-1763180907463-0.24041285043222316",
      "strategyId": "vp1",
      "asset": "ETH",
      "side": "buy",
      "amount": 25566.08501361932,
      "price": 2513.2787714960364,
      "timestamp": "2024-01-15T00:00:00.000Z"
    },
    {
      "id": "vp1-1763180907463-0.3052856934974526",
      "strategyId": "vp1",
      "asset": "USDC",
      "side": "buy",
      "amount": 25566.08501361932,
      "price": 2513.2787714960364,
      "timestamp": "2024-01-15T00:00:00.000Z"
    },
    {
      "id": "op1-1763180907463-0.41431604173035486",
      "strategyId": "op1",
      "asset": "ETH-USDC-OPTIONS",
      "side": "sell",
      "amount": 15327.65100817159,
      "price": 2508.2572354890517,
      "timestamp": "2024-01-15T00:00:00.000Z"
    },
    {
      "id": "vp1-1763180910153-0.5603416308727718",
      "strategyId": "vp1",
      "asset": "ETH",
      "side": "buy",
      "amount": 25535.03784608698,
      "price": 2590.3176852974175,
      "timestamp": "2024-01-16T00:00:00.000Z"
    },
    {
      "id": "vp1-1763180910153-0.2181770896373867",
      "strategyId": "vp1",
      "asset": "USDC",
      "side": "buy",
      "amount": 25535.03784608698,
      "price": 2590.3176852974175,
      "timestamp": "2024-01-16T00:00:00.000Z"
    },
    {
      "id": "op1-1763180910154-0.04633977706975079",
      "strategyId": "op1",
      "asset": "ETH-USDC-OPTIONS",
      "side": "sell",
      "amount": 15309.022707652188,
      "price": 2585.1422253867336,
      "timestamp": "2024-01-16T00:00:00.000Z"
    },
    {
      "id": "vp1-1763180913330-0.7613153277920112",
      "strategyId": "vp1",
      "asset": "ETH",
      "side": "buy",
      "amount": 25500.288263455284,
      "price": 2529.454320893209,
      "timestamp": "2024-01-17T00:00:00.000Z"
    },
    {
      "id": "vp1-1763180913330-0.8871318332970642",
      "strategyId": "vp1",
      "asset": "USDC",
      "side": "buy",
      "amount": 25500.288263455284,
      "price": 2529.454320893209,
      "timestamp": "2024-01-17T00:00:00.000Z"
    },
    {
      "id": "op1-1763180913330-0.814529199133471",
      "strategyId": "op1",
      "asset": "ETH-USDC-OPTIONS",
      "side": "sell",
      "amount": 15288.17295807317,
      "price": 2524.40046610621,
      "timestamp": "2024-01-17T00:00:00.000Z"
    },
    {
      "id": "vp1-1763180916914-0.13248879926035662",
      "strategyId": "vp1",
      "asset": "ETH",
      "side": "buy",
      "amount": 25468.46210142251,
      "price": 2469.089502935189,
      "timestamp": "2024-01-18T00:00:00.000Z"
    },
    {
      "id": "vp1-1763180916914-0.5109773630966192",
      "strategyId": "vp1",
      "asset": "USDC",
      "side": "buy",
      "amount": 25468.46210142251,
      "price": 2469.089502935189,
      "timestamp": "2024-01-18T00:00:00.000Z"
    },
    {
      "id": "op1-1763180916914-0.45218954862315486",
      "strategyId": "op1",
      "asset": "ETH-USDC-OPTIONS",
      "side": "sell",
      "amount": 15269.077260853504,
      "price": 2464.156257175079,
      "timestamp": "2024-01-18T00:00:00.000Z"
    },
    {
      "id": "vp1-1763180919986-0.1360512842004784",
      "strategyId": "vp1",
      "asset": "ETH",
      "side": "buy",
      "amount": 25438.763072481124,
      "price": 2491.4523940273075,
      "timestamp": "2024-01-19T00:00:00.000Z"
    },
    {
      "id": "vp1-1763180919986-0.9800823243423448",
      "strategyId": "vp1",
      "asset": "USDC",
      "side": "buy",
      "amount": 25438.763072481124,
      "price": 2491.4523940273075,
      "timestamp": "2024-01-19T00:00:00.000Z"
    },
    {
      "id": "op1-1763180919986-0.3833389616903985",
      "strategyId": "op1",
      "asset": "ETH-USDC-OPTIONS",
      "side": "sell",
      "amount": 15251.257843488675,
      "price": 2486.474467166114,
      "timestamp": "2024-01-19T00:00:00.000Z"
    },
    {
      "id": "vp1-1763180924082-0.14800368208678416",
      "strategyId": "vp1",
      "asset": "ETH",
      "side": "buy",
      "amount": 25408.33202210994,
      "price": 2471.414455376217,
      "timestamp": "2024-01-20T00:00:00.000Z"
    },
    {
      "id": "vp1-1763180924082-0.4017733167133066",
      "strategyId": "vp1",
      "asset": "USDC",
      "side": "buy",
      "amount": 25408.33202210994,
      "price": 2471.414455376217,
      "timestamp": "2024-01-20T00:00:00.000Z"
    },
    {
      "id": "op1-1763180924082-0.491294573400313",
      "strategyId": "op1",
      "asset": "ETH-USDC-OPTIONS",
      "side": "sell",
      "amount": 15232.999213265963,
      "price": 2466.4765643564847,
      "timestamp": "2024-01-20T00:00:00.000Z"
    },
    {
      "id": "vp1-1763180927666-0.14480446975855488",
      "strategyId": "vp1",
      "asset": "ETH",
      "side": "buy",
      "amount": 25378.462615725806,
      "price": 2456.617958111216,
      "timestamp": "2024-01-21T00:00:00.000Z"
    },
    {
      "id": "vp1-1763180927666-0.9683534376488987",
      "strategyId": "vp1",
      "asset": "USDC",
      "side": "buy",
      "amount": 25378.462615725806,
      "price": 2456.617958111216,
      "timestamp": "2024-01-21T00:00:00.000Z"
    },
    {
      "id": "op1-1763180927667-0.586840758940825",
      "strategyId": "op1",
      "asset": "ETH-USDC-OPTIONS",
      "side": "sell",
      "amount": 15215.077569435482,
      "price": 2451.7096305225823,
      "timestamp": "2024-01-21T00:00:00.000Z"
    },
    {
      "id": "vp1-1763180931045-0.838215737390126",
      "strategyId": "vp1",
      "asset": "ETH",
      "side": "buy",
      "amount": 25348.934400753165,
      "price": 2312.386131249665,
      "timestamp": "2024-01-22T00:00:00.000Z"
    },
    {
      "id": "vp1-1763180931045-0.7099406859181121",
      "strategyId": "vp1",
      "asset": "USDC",
      "side": "buy",
      "amount": 25348.934400753165,
      "price": 2312.386131249665,
      "timestamp": "2024-01-22T00:00:00.000Z"
    },
    {
      "id": "op1-1763180931045-0.7670082614621874",
      "strategyId": "op1",
      "asset": "ETH-USDC-OPTIONS",
      "side": "sell",
      "amount": 15197.360640451898,
      "price": 2307.7659791392766,
      "timestamp": "2024-01-22T00:00:00.000Z"
    },
    {
      "id": "vp1-1763180933810-0.9241961684796127",
      "strategyId": "vp1",
      "asset": "ETH",
      "side": "buy",
      "amount": 25320.574300271513,
      "price": 2241.849116353916,
      "timestamp": "2024-01-23T00:00:00.000Z"
    },
    {
      "id": "vp1-1763180933810-0.7306412607637398",
      "strategyId": "vp1",
      "asset": "USDC",
      "side": "buy",
      "amount": 25320.574300271513,
      "price": 2241.849116353916,
      "timestamp": "2024-01-23T00:00:00.000Z"
    },
    {
      "id": "op1-1763180933810-0.9979397291419174",
      "strategyId": "op1",
      "asset": "ETH-USDC-OPTIONS",
      "side": "sell",
      "amount": 15180.344580162908,
      "price": 2237.369897340222,
      "timestamp": "2024-01-23T00:00:00.000Z"
    },
    {
      "id": "vp1-1763180936472-0.1875725303532656",
      "strategyId": "vp1",
      "asset": "ETH",
      "side": "buy",
      "amount": 25290.72864204456,
      "price": 2235.275992173044,
      "timestamp": "2024-01-24T00:00:00.000Z"
    },
    {
      "id": "vp1-1763180936472-0.18616983175009694",
      "strategyId": "vp1",
      "asset": "USDC",
      "side": "buy",
      "amount": 25290.72864204456,
      "price": 2235.275992173044,
      "timestamp": "2024-01-24T00:00:00.000Z"
    },
    {
      "id": "op1-1763180936472-0.023317803116734925",
      "strategyId": "op1",
      "asset": "ETH-USDC-OPTIONS",
      "side": "sell",
      "amount": 15162.437185226736,
      "price": 2230.8099062745964,
      "timestamp": "2024-01-24T00:00:00.000Z"
    },
    {
      "id": "vp1-1763180939596-0.9665632084980261",
      "strategyId": "vp1",
      "asset": "ETH",
      "side": "buy",
      "amount": 25260.644180129766,
      "price": 2218.954738485247,
      "timestamp": "2024-01-25T00:00:00.000Z"
    },
    {
      "id": "vp1-1763180939596-0.9988801662343967",
      "strategyId": "vp1",
      "asset": "USDC",
      "side": "buy",
      "amount": 25260.644180129766,
      "price": 2218.954738485247,
      "timestamp": "2024-01-25T00:00:00.000Z"
    },
    {
      "id": "op1-1763180939596-0.12069722425698559",
      "strategyId": "op1",
      "asset": "ETH-USDC-OPTIONS",
      "side": "sell",
      "amount": 15144.386508077858,
      "price": 2214.521262484278,
      "timestamp": "2024-01-25T00:00:00.000Z"
    },
    {
      "id": "vp1-1763180942709-0.06306202221031876",
      "strategyId": "vp1",
      "asset": "ETH",
      "side": "buy",
      "amount": 25229.953163653747,
      "price": 2270.1037399791758,
      "timestamp": "2024-01-26T00:00:00.000Z"
    },
    {
      "id": "vp1-1763180942709-0.16184575950516444",
      "strategyId": "vp1",
      "asset": "USDC",
      "side": "buy",
      "amount": 25229.953163653747,
      "price": 2270.1037399791758,
      "timestamp": "2024-01-26T00:00:00.000Z"
    },
    {
      "id": "op1-1763180942709-0.638914683317816",
      "strategyId": "op1",
      "asset": "ETH-USDC-OPTIONS",
      "side": "sell",
      "amount": 15125.971898192247,
      "price": 2265.568068171026,
      "timestamp": "2024-01-26T00:00:00.000Z"
    },
    {
      "id": "vp1-1763180945703-0.8238819316499449",
      "strategyId": "vp1",
      "asset": "ETH",
      "side": "buy",
      "amount": 25200.857609988263,
      "price": 2269.1198884591463,
      "timestamp": "2024-01-27T00:00:00.000Z"
    },
    {
      "id": "vp1-1763180945703-0.11234142600082464",
      "strategyId": "vp1",
      "asset": "USDC",
      "side": "buy",
      "amount": 25200.857609988263,
      "price": 2269.1198884591463,
      "timestamp": "2024-01-27T00:00:00.000Z"
    },
    {
      "id": "op1-1763180945703-0.3312029562897122",
      "strategyId": "op1",
      "asset": "ETH-USDC-OPTIONS",
      "side": "sell",
      "amount": 15108.514565992955,
      "price": 2264.586182388299,
      "timestamp": "2024-01-27T00:00:00.000Z"
    },
    {
      "id": "vp1-1763180948965-0.4585483847644515",
      "strategyId": "vp1",
      "asset": "ETH",
      "side": "buy",
      "amount": 25171.686625097333,
      "price": 2259.3264110594546,
      "timestamp": "2024-01-28T00:00:00.000Z"
    },
    {
      "id": "vp1-1763180948965-0.04576003244164817",
      "strategyId": "vp1",
      "asset": "USDC",
      "side": "buy",
      "amount": 25171.686625097333,
      "price": 2259.3264110594546,
      "timestamp": "2024-01-28T00:00:00.000Z"
    },
    {
      "id": "op1-1763180948965-0.27828021246930235",
      "strategyId": "op1",
      "asset": "ETH-USDC-OPTIONS",
      "side": "sell",
      "amount": 15091.011975058398,
      "price": 2254.8122723760193,
      "timestamp": "2024-01-28T00:00:00.000Z"
    },
    {
      "id": "vp1-1763180952140-0.18003892227321572",
      "strategyId": "vp1",
      "asset": "ETH",
      "side": "buy",
      "amount": 25142.226195959392,
      "price": 2318.9166718458177,
      "timestamp": "2024-01-29T00:00:00.000Z"
    },
    {
      "id": "vp1-1763180952140-0.13876385483075748",
      "strategyId": "vp1",
      "asset": "USDC",
      "side": "buy",
      "amount": 25142.226195959392,
      "price": 2318.9166718458177,
      "timestamp": "2024-01-29T00:00:00.000Z"
    },
    {
      "id": "op1-1763180952140-0.27905184843294206",
      "strategyId": "op1",
      "asset": "ETH-USDC-OPTIONS",
      "side": "sell",
      "amount": 15073.335717575634,
      "price": 2314.2834717022697,
      "timestamp": "2024-01-29T00:00:00.000Z"
    },
    {
      "id": "vp1-1763180955724-0.24384138628699548",
      "strategyId": "vp1",
      "asset": "ETH",
      "side": "buy",
      "amount": 25113.834779712564,
      "price": 2346.63271723753,
      "timestamp": "2024-01-30T00:00:00.000Z"
    },
    {
      "id": "vp1-1763180955724-0.3915706791812944",
      "strategyId": "vp1",
      "asset": "USDC",
      "side": "buy",
      "amount": 25113.834779712564,
      "price": 2346.63271723753,
      "timestamp": "2024-01-30T00:00:00.000Z"
    },
    {
      "id": "op1-1763180955724-0.1953567045245015",
      "strategyId": "op1",
      "asset": "ETH-USDC-OPTIONS",
      "side": "sell",
      "amount": 15056.300867827536,
      "price": 2341.944140379913,
      "timestamp": "2024-01-30T00:00:00.000Z"
    },
    {
      "id": "vp1-1763180961047-0.012552081664677028",
      "strategyId": "vp1",
      "asset": "ETH",
      "side": "buy",
      "amount": 25085.58833732077,
      "price": 2285.3801825137666,
      "timestamp": "2024-01-31T00:00:00.000Z"
    },
    {
      "id": "vp1-1763180961047-0.9054026211761643",
      "strategyId": "vp1",
      "asset": "USDC",
      "side": "buy",
      "amount": 25085.58833732077,
      "price": 2285.3801825137666,
      "timestamp": "2024-01-31T00:00:00.000Z"
    },
    {
      "id": "op1-1763180961047-0.51755345448047",
      "strategyId": "op1",
      "asset": "ETH-USDC-OPTIONS",
      "side": "sell",
      "amount": 15039.353002392461,
      "price": 2280.8139883429103,
      "timestamp": "2024-01-31T00:00:00.000Z"
    },
    {
      "id": "vp1-1763180966681-0.3195721421050475",
      "strategyId": "vp1",
      "asset": "ETH",
      "side": "buy",
      "amount": 25056.69978156956,
      "price": 2304.206342784278,
      "timestamp": "2024-02-01T00:00:00.000Z"
    },
    {
      "id": "vp1-1763180966681-0.4357149034984763",
      "strategyId": "vp1",
      "asset": "USDC",
      "side": "buy",
      "amount": 25056.69978156956,
      "price": 2304.206342784278,
      "timestamp": "2024-02-01T00:00:00.000Z"
    },
    {
      "id": "op1-1763180966681-0.6889927026972928",
      "strategyId": "op1",
      "asset": "ETH-USDC-OPTIONS",
      "side": "sell",
      "amount": 15022.019868941738,
      "price": 2299.6025339075863,
      "timestamp": "2024-02-01T00:00:00.000Z"
    },
    {
      "id": "vp1-1763180970879-0.9893426993166884",
      "strategyId": "vp1",
      "asset": "ETH",
      "side": "buy",
      "amount": 25028.112685478685,
      "price": 2308.9670403694427,
      "timestamp": "2024-02-02T00:00:00.000Z"
    },
    {
      "id": "vp1-1763180970879-0.38650544582496094",
      "strategyId": "vp1",
      "asset": "USDC",
      "side": "buy",
      "amount": 25028.112685478685,
      "price": 2308.9670403694427,
      "timestamp": "2024-02-02T00:00:00.000Z"
    },
    {
      "id": "op1-1763180970879-0.8858869614088998",
      "strategyId": "op1",
      "asset": "ETH-USDC-OPTIONS",
      "side": "sell",
      "amount": 15004.867611287213,
      "price": 2304.353719609464,
      "timestamp": "2024-02-02T00:00:00.000Z"
    },
    {
      "id": "vp1-1763180974785-0.3629308749394642",
      "strategyId": "vp1",
      "asset": "ETH",
      "side": "buy",
      "amount": 24999.56703165559,
      "price": 2297.8687797750595,
      "timestamp": "2024-02-03T00:00:00.000Z"
    },
    {
      "id": "vp1-1763180974785-0.035259990266257146",
      "strategyId": "vp1",
      "asset": "USDC",
      "side": "buy",
      "amount": 24999.56703165559,
      "price": 2297.8687797750595,
      "timestamp": "2024-02-03T00:00:00.000Z"
    },
    {
      "id": "op1-1763180974785-0.3062316948878179",
      "strategyId": "op1",
      "asset": "ETH-USDC-OPTIONS",
      "side": "sell",
      "amount": 14987.740218993356,
      "price": 2293.2776333619227,
      "timestamp": "2024-02-03T00:00:00.000Z"
    },
    {
      "id": "vp1-1763180978969-0.33611330467107936",
      "strategyId": "vp1",
      "asset": "ETH",
      "side": "buy",
      "amount": 24970.826637755585,
      "price": 2291.1270921245577,
      "timestamp": "2024-02-04T00:00:00.000Z"
    },
    {
      "id": "vp1-1763180978969-0.7097122941095502",
      "strategyId": "vp1",
      "asset": "USDC",
      "side": "buy",
      "amount": 24970.826637755585,
      "price": 2291.1270921245577,
      "timestamp": "2024-02-04T00:00:00.000Z"
    },
    {
      "id": "op1-1763180978969-0.15759369257695455",
      "strategyId": "op1",
      "asset": "ETH-USDC-OPTIONS",
      "side": "sell",
      "amount": 14970.495982653352,
      "price": 2286.5494156168165,
      "timestamp": "2024-02-04T00:00:00.000Z"
    },
    {
      "id": "vp1-1763180983269-0.1882353801829182",
      "strategyId": "vp1",
      "asset": "ETH",
      "side": "buy",
      "amount": 24941.945687177933,
      "price": 2299.948764470876,
      "timestamp": "2024-02-05T00:00:00.000Z"
    },
    {
      "id": "vp1-1763180983269-0.17926190297091416",
      "strategyId": "vp1",
      "asset": "USDC",
      "side": "buy",
      "amount": 24941.945687177933,
      "price": 2299.948764470876,
      "timestamp": "2024-02-05T00:00:00.000Z"
    },
    {
      "id": "op1-1763180983270-0.6258395858738947",
      "strategyId": "op1",
      "asset": "ETH-USDC-OPTIONS",
      "side": "sell",
      "amount": 14953.167412306759,
      "price": 2295.353462244161,
      "timestamp": "2024-02-05T00:00:00.000Z"
    },
    {
      "id": "vp1-1763180987380-0.41995269390086876",
      "strategyId": "vp1",
      "asset": "ETH",
      "side": "buy",
      "amount": 24913.189550446772,
      "price": 2375.4012088307477,
      "timestamp": "2024-02-06T00:00:00.000Z"
    },
    {
      "id": "vp1-1763180987380-0.15285098553374687",
      "strategyId": "vp1",
      "asset": "USDC",
      "side": "buy",
      "amount": 24913.189550446772,
      "price": 2375.4012088307477,
      "timestamp": "2024-02-06T00:00:00.000Z"
    },
    {
      "id": "op1-1763180987381-0.059909823672325224",
      "strategyId": "op1",
      "asset": "ETH-USDC-OPTIONS",
      "side": "sell",
      "amount": 14935.913730268061,
      "price": 2370.655152469448,
      "timestamp": "2024-02-06T00:00:00.000Z"
    },
    {
      "id": "vp1-1763180992076-0.8153402333573397",
      "strategyId": "vp1",
      "asset": "ETH",
      "side": "buy",
      "amount": 24884.760587856552,
      "price": 2427.881010853994,
      "timestamp": "2024-02-07T00:00:00.000Z"
    },
    {
      "id": "vp1-1763180992076-0.9045355852748872",
      "strategyId": "vp1",
      "asset": "USDC",
      "side": "buy",
      "amount": 24884.760587856552,
      "price": 2427.881010853994,
      "timestamp": "2024-02-07T00:00:00.000Z"
    },
    {
      "id": "op1-1763180992076-0.923720251440435",
      "strategyId": "op1",
      "asset": "ETH-USDC-OPTIONS",
      "side": "sell",
      "amount": 14918.856352713932,
      "price": 2423.030099743397,
      "timestamp": "2024-02-07T00:00:00.000Z"
    },
    {
      "id": "vp1-1763180998834-0.6163406553671851",
      "strategyId": "vp1",
      "asset": "ETH",
      "side": "buy",
      "amount": 24855.659211288457,
      "price": 2423.2757964931598,
      "timestamp": "2024-02-08T00:00:00.000Z"
    },
    {
      "id": "vp1-1763180998834-0.5073322408861012",
      "strategyId": "vp1",
      "asset": "USDC",
      "side": "buy",
      "amount": 24855.659211288457,
      "price": 2423.2757964931598,
      "timestamp": "2024-02-08T00:00:00.000Z"
    },
    {
      "id": "op1-1763180998835-0.8276648176847754",
      "strategyId": "op1",
      "asset": "ETH-USDC-OPTIONS",
      "side": "sell",
      "amount": 14901.395526773073,
      "price": 2418.434086610057,
      "timestamp": "2024-02-08T00:00:00.000Z"
    },
    {
      "id": "vp1-1763181006002-0.644309046114951",
      "strategyId": "vp1",
      "asset": "ETH",
      "side": "buy",
      "amount": 24826.64086281988,
      "price": 2490.645282504576,
      "timestamp": "2024-02-09T00:00:00.000Z"
    },
    {
      "id": "vp1-1763181006002-0.6584350465064778",
      "strategyId": "vp1",
      "asset": "USDC",
      "side": "buy",
      "amount": 24826.64086281988,
      "price": 2490.645282504576,
      "timestamp": "2024-02-09T00:00:00.000Z"
    },
    {
      "id": "op1-1763181006003-0.8662068110537375",
      "strategyId": "op1",
      "asset": "ETH-USDC-OPTIONS",
      "side": "sell",
      "amount": 14883.984517691928,
      "price": 2485.6689682538176,
      "timestamp": "2024-02-09T00:00:00.000Z"
    },
    {
      "id": "vp1-1763181013271-0.3215698895522757",
      "strategyId": "vp1",
      "asset": "ETH",
      "side": "buy",
      "amount": 24795.855003701483,
      "price": 2505.0481203901813,
      "timestamp": "2024-02-10T00:00:00.000Z"
    },
    {
      "id": "vp1-1763181013271-0.11849635672584446",
      "strategyId": "vp1",
      "asset": "USDC",
      "side": "buy",
      "amount": 24795.855003701483,
      "price": 2505.0481203901813,
      "timestamp": "2024-02-10T00:00:00.000Z"
    },
    {
      "id": "op1-1763181013271-0.9031080913728243",
      "strategyId": "op1",
      "asset": "ETH-USDC-OPTIONS",
      "side": "sell",
      "amount": 14865.513002220889,
      "price": 2500.043029240551,
      "timestamp": "2024-02-10T00:00:00.000Z"
    },
    {
      "id": "vp1-1763181018598-0.39212731397670575",
      "strategyId": "vp1",
      "asset": "ETH",
      "side": "buy",
      "amount": 24764.534293370114,
      "price": 2509.425601697757,
      "timestamp": "2024-02-11T00:00:00.000Z"
    },
    {
      "id": "vp1-1763181018598-0.5589119468722206",
      "strategyId": "vp1",
      "asset": "USDC",
      "side": "buy",
      "amount": 24764.534293370114,
      "price": 2509.425601697757,
      "timestamp": "2024-02-11T00:00:00.000Z"
    },
    {
      "id": "op1-1763181018598-0.7078232303038233",
      "strategyId": "op1",
      "asset": "ETH-USDC-OPTIONS",
      "side": "sell",
      "amount": 14846.720576022068,
      "price": 2504.4117643317277,
      "timestamp": "2024-02-11T00:00:00.000Z"
    },
    {
      "id": "vp1-1763181023206-0.3806612422435768",
      "strategyId": "vp1",
      "asset": "ETH",
      "side": "buy",
      "amount": 24733.046310919395,
      "price": 2662.5941954828018,
      "timestamp": "2024-02-12T00:00:00.000Z"
    },
    {
      "id": "vp1-1763181023206-0.8341042481213935",
      "strategyId": "vp1",
      "asset": "USDC",
      "side": "buy",
      "amount": 24733.046310919395,
      "price": 2662.5941954828018,
      "timestamp": "2024-02-12T00:00:00.000Z"
    },
    {
      "id": "op1-1763181023207-0.24853077983463456",
      "strategyId": "op1",
      "asset": "ETH-USDC-OPTIONS",
      "side": "sell",
      "amount": 14827.827786551637,
      "price": 2657.274326960359,
      "timestamp": "2024-02-12T00:00:00.000Z"
    },
    {
      "id": "vp1-1763181028019-0.517516431721804",
      "strategyId": "vp1",
      "asset": "ETH",
      "side": "buy",
      "amount": 24693.26246411633,
      "price": 2644.898702303391,
      "timestamp": "2024-02-13T00:00:00.000Z"
    },
    {
      "id": "vp1-1763181028019-0.46742727725195266",
      "strategyId": "vp1",
      "asset": "USDC",
      "side": "buy",
      "amount": 24693.26246411633,
      "price": 2644.898702303391,
      "timestamp": "2024-02-13T00:00:00.000Z"
    },
    {
      "id": "op1-1763181028019-0.18242455844371774",
      "strategyId": "op1",
      "asset": "ETH-USDC-OPTIONS",
      "side": "sell",
      "amount": 14803.957478469798,
      "price": 2639.6141894116763,
      "timestamp": "2024-02-13T00:00:00.000Z"
    },
    {
      "id": "vp1-1763181034675-0.20170710040335815",
      "strategyId": "vp1",
      "asset": "ETH",
      "side": "buy",
      "amount": 24654.691448997964,
      "price": 2781.870079194233,
      "timestamp": "2024-02-14T00:00:00.000Z"
    },
    {
      "id": "vp1-1763181034675-0.3858291542781068",
      "strategyId": "vp1",
      "asset": "USDC",
      "side": "buy",
      "amount": 24654.691448997964,
      "price": 2781.870079194233,
      "timestamp": "2024-02-14T00:00:00.000Z"
    },
    {
      "id": "op1-1763181034675-0.8478794306547893",
      "strategyId": "op1",
      "asset": "ETH-USDC-OPTIONS",
      "side": "sell",
      "amount": 14780.814869398779,
      "price": 2776.3118972178213,
      "timestamp": "2024-02-14T00:00:00.000Z"
    },
    {
      "id": "vp1-1763181041539-0.8313360508631029",
      "strategyId": "vp1",
      "asset": "ETH",
      "side": "buy",
      "amount": 24605.470970037833,
      "price": 2826.387557907513,
      "timestamp": "2024-02-15T00:00:00.000Z"
    },
    {
      "id": "vp1-1763181041539-0.4427031983559",
      "strategyId": "vp1",
      "asset": "USDC",
      "side": "buy",
      "amount": 24605.470970037833,
      "price": 2826.387557907513,
      "timestamp": "2024-02-15T00:00:00.000Z"
    },
    {
      "id": "op1-1763181041539-0.30519349535804874",
      "strategyId": "op1",
      "asset": "ETH-USDC-OPTIONS",
      "side": "sell",
      "amount": 14751.282582022699,
      "price": 2820.740429919686,
      "timestamp": "2024-02-15T00:00:00.000Z"
    },
    {
      "id": "vp1-1763181049011-0.8883566758632221",
      "strategyId": "vp1",
      "asset": "ETH",
      "side": "buy",
      "amount": 24552.207682776985,
      "price": 2807.7882317622903,
      "timestamp": "2024-02-16T00:00:00.000Z"
    },
    {
      "id": "vp1-1763181049011-0.13210898868166976",
      "strategyId": "vp1",
      "asset": "USDC",
      "side": "buy",
      "amount": 24552.207682776985,
      "price": 2807.7882317622903,
      "timestamp": "2024-02-16T00:00:00.000Z"
    },
    {
      "id": "op1-1763181049011-0.5373241627762878",
      "strategyId": "op1",
      "asset": "ETH-USDC-OPTIONS",
      "side": "sell",
      "amount": 14719.32460966619,
      "price": 2802.178265265263,
      "timestamp": "2024-02-16T00:00:00.000Z"
    },
    {
      "id": "vp1-1763181055155-0.4735564316015891",
      "strategyId": "vp1",
      "asset": "ETH",
      "side": "buy",
      "amount": 24500.773285117357,
      "price": 2790.486152294769,
      "timestamp": "2024-02-17T00:00:00.000Z"
    },
    {
      "id": "vp1-1763181055155-0.11216471367105696",
      "strategyId": "vp1",
      "asset": "USDC",
      "side": "buy",
      "amount": 24500.773285117357,
      "price": 2790.486152294769,
      "timestamp": "2024-02-17T00:00:00.000Z"
    },
    {
      "id": "op1-1763181055155-0.6080842494542433",
      "strategyId": "op1",
      "asset": "ETH-USDC-OPTIONS",
      "side": "sell",
      "amount": 14688.463971070414,
      "price": 2784.910755387087,
      "timestamp": "2024-02-17T00:00:00.000Z"
    },
    {
      "id": "vp1-1763181062733-0.2811285049620139",
      "strategyId": "vp1",
      "asset": "ETH",
      "side": "buy",
      "amount": 24450.97657588552,
      "price": 2882.2968683198737,
      "timestamp": "2024-02-18T00:00:00.000Z"
    },
    {
      "id": "vp1-1763181062733-0.4016354298765962",
      "strategyId": "vp1",
      "asset": "USDC",
      "side": "buy",
      "amount": 24450.97657588552,
      "price": 2882.2968683198737,
      "timestamp": "2024-02-18T00:00:00.000Z"
    },
    {
      "id": "op1-1763181062733-0.48563249785256724",
      "strategyId": "op1",
      "asset": "ETH-USDC-OPTIONS",
      "side": "sell",
      "amount": 14658.585945531311,
      "price": 2876.538033418136,
      "timestamp": "2024-02-18T00:00:00.000Z"
    },
    {
      "id": "vp1-1763181069696-0.9747474495138377",
      "strategyId": "vp1",
      "asset": "ETH",
      "side": "buy",
      "amount": 24392.407948657605,
      "price": 2946.149341979339,
      "timestamp": "2024-02-19T00:00:00.000Z"
    },
    {
      "id": "vp1-1763181069696-0.6096980127144576",
      "strategyId": "vp1",
      "asset": "USDC",
      "side": "buy",
      "amount": 24392.407948657605,
      "price": 2946.149341979339,
      "timestamp": "2024-02-19T00:00:00.000Z"
    },
    {
      "id": "op1-1763181069696-0.6515670667017831",
      "strategyId": "op1",
      "asset": "ETH-USDC-OPTIONS",
      "side": "sell",
      "amount": 14623.444769194562,
      "price": 2940.262929707653,
      "timestamp": "2024-02-19T00:00:00.000Z"
    },
    {
      "id": "vp1-1763181076249-0.5250391638103631",
      "strategyId": "vp1",
      "asset": "ETH",
      "side": "buy",
      "amount": 24327.187273036634,
      "price": 3016.586134983355,
      "timestamp": "2024-02-20T00:00:00.000Z"
    },
    {
      "id": "vp1-1763181076249-0.28759257007373906",
      "strategyId": "vp1",
      "asset": "USDC",
      "side": "buy",
      "amount": 24327.187273036634,
      "price": 3016.586134983355,
      "timestamp": "2024-02-20T00:00:00.000Z"
    },
    {
      "id": "op1-1763181076250-0.11793640258327232",
      "strategyId": "op1",
      "asset": "ETH-USDC-OPTIONS",
      "side": "sell",
      "amount": 14584.312363821979,
      "price": 3010.5589898585135,
      "timestamp": "2024-02-20T00:00:00.000Z"
    },
    {
      "id": "vp1-1763181081794-0.3996652550500137",
      "strategyId": "vp1",
      "asset": "ETH",
      "side": "buy",
      "amount": 24254.144463539644,
      "price": 2972.928256416778,
      "timestamp": "2024-02-21T00:00:00.000Z"
    },
    {
      "id": "vp1-1763181081794-0.3854921290084301",
      "strategyId": "vp1",
      "asset": "USDC",
      "side": "buy",
      "amount": 24254.144463539644,
      "price": 2972.928256416778,
      "timestamp": "2024-02-21T00:00:00.000Z"
    },
    {
      "id": "op1-1763181081794-0.8620374960840909",
      "strategyId": "op1",
      "asset": "ETH-USDC-OPTIONS",
      "side": "sell",
      "amount": 14540.486678123787,
      "price": 2966.9883398205407,
      "timestamp": "2024-02-21T00:00:00.000Z"
    },
    {
      "id": "vp1-1763181087718-0.11112638513415807",
      "strategyId": "vp1",
      "asset": "ETH",
      "side": "buy",
      "amount": 24186.446351240436,
      "price": 2972.9493869365324,
      "timestamp": "2024-02-22T00:00:00.000Z"
    },
    {
      "id": "vp1-1763181087718-0.45751250133306687",
      "strategyId": "vp1",
      "asset": "USDC",
      "side": "buy",
      "amount": 24186.446351240436,
      "price": 2972.9493869365324,
      "timestamp": "2024-02-22T00:00:00.000Z"
    },
    {
      "id": "op1-1763181087718-0.6604440727264472",
      "strategyId": "op1",
      "asset": "ETH-USDC-OPTIONS",
      "side": "sell",
      "amount": 14499.867810744261,
      "price": 2967.0094281214747,
      "timestamp": "2024-02-22T00:00:00.000Z"
    },
    {
      "id": "vp1-1763181094374-0.8563735591808337",
      "strategyId": "vp1",
      "asset": "ETH",
      "side": "buy",
      "amount": 24119.001990477595,
      "price": 2925.6827234076263,
      "timestamp": "2024-02-23T00:00:00.000Z"
    },
    {
      "id": "vp1-1763181094374-0.2009634433983195",
      "strategyId": "vp1",
      "asset": "USDC",
      "side": "buy",
      "amount": 24119.001990477595,
      "price": 2925.6827234076263,
      "timestamp": "2024-02-23T00:00:00.000Z"
    },
    {
      "id": "op1-1763181094374-0.876192556448329",
      "strategyId": "op1",
      "asset": "ETH-USDC-OPTIONS",
      "side": "sell",
      "amount": 14459.401194286556,
      "price": 2919.8372034807385,
      "timestamp": "2024-02-23T00:00:00.000Z"
    },
    {
      "id": "vp1-1763181103605-0.8394567429755325",
      "strategyId": "vp1",
      "asset": "ETH",
      "side": "buy",
      "amount": 24056.90495567366,
      "price": 2992.977816470206,
      "timestamp": "2024-02-24T00:00:00.000Z"
    },
    {
      "id": "vp1-1763181103605-0.741516329880083",
      "strategyId": "vp1",
      "asset": "USDC",
      "side": "buy",
      "amount": 24056.90495567366,
      "price": 2992.977816470206,
      "timestamp": "2024-02-24T00:00:00.000Z"
    },
    {
      "id": "op1-1763181103605-0.1963270578090861",
      "strategyId": "op1",
      "asset": "ETH-USDC-OPTIONS",
      "side": "sell",
      "amount": 14422.142973404196,
      "price": 2986.997840812923,
      "timestamp": "2024-02-24T00:00:00.000Z"
    },
    {
      "id": "vp1-1763181112499-0.8865171978986991",
      "strategyId": "vp1",
      "asset": "ETH",
      "side": "buy",
      "amount": 23987.664792695363,
      "price": 3113.153564971569,
      "timestamp": "2024-02-25T00:00:00.000Z"
    },
    {
      "id": "vp1-1763181112499-0.5645254705708201",
      "strategyId": "vp1",
      "asset": "USDC",
      "side": "buy",
      "amount": 23987.664792695363,
      "price": 3113.153564971569,
      "timestamp": "2024-02-25T00:00:00.000Z"
    },
    {
      "id": "op1-1763181112499-0.8113801360681073",
      "strategyId": "op1",
      "asset": "ETH-USDC-OPTIONS",
      "side": "sell",
      "amount": 14380.598875617216,
      "price": 3106.9334779286687,
      "timestamp": "2024-02-25T00:00:00.000Z"
    },
    {
      "id": "vp1-1763181120269-0.0680408114139417",
      "strategyId": "vp1",
      "asset": "ETH",
      "side": "buy",
      "amount": 23904.459587164765,
      "price": 3183.627179711578,
      "timestamp": "2024-02-26T00:00:00.000Z"
    },
    {
      "id": "vp1-1763181120269-0.4025879024094098",
      "strategyId": "vp1",
      "asset": "USDC",
      "side": "buy",
      "amount": 23904.459587164765,
      "price": 3183.627179711578,
      "timestamp": "2024-02-26T00:00:00.000Z"
    },
    {
      "id": "op1-1763181120269-0.07156994343088563",
      "strategyId": "op1",
      "asset": "ETH-USDC-OPTIONS",
      "side": "sell",
      "amount": 14330.675752298857,
      "price": 3177.266286245621,
      "timestamp": "2024-02-26T00:00:00.000Z"
    },
    {
      "id": "vp1-1763181132263-0.7061164225109526",
      "strategyId": "vp1",
      "asset": "ETH",
      "side": "buy",
      "amount": 23812.82544027373,
      "price": 3246.2326291577356,
      "timestamp": "2024-02-27T00:00:00.000Z"
    },
    {
      "id": "vp1-1763181132263-0.6123245137246632",
      "strategyId": "vp1",
      "asset": "USDC",
      "side": "buy",
      "amount": 23812.82544027373,
      "price": 3246.2326291577356,
      "timestamp": "2024-02-27T00:00:00.000Z"
    },
    {
      "id": "op1-1763181132263-0.9458454067959582",
      "strategyId": "op1",
      "asset": "ETH-USDC-OPTIONS",
      "side": "sell",
      "amount": 14275.695264164237,
      "price": 3239.7466498786994,
      "timestamp": "2024-02-27T00:00:00.000Z"
    },
    {
      "id": "vp1-1763181144448-0.5883298733774858",
      "strategyId": "vp1",
      "asset": "ETH",
      "side": "buy",
      "amount": 23713.679719066902,
      "price": 3387.5084952671714,
      "timestamp": "2024-02-28T00:00:00.000Z"
    },
    {
      "id": "vp1-1763181144448-0.014237686617958656",
      "strategyId": "vp1",
      "asset": "USDC",
      "side": "buy",
      "amount": 23713.679719066902,
      "price": 3387.5084952671714,
      "timestamp": "2024-02-28T00:00:00.000Z"
    },
    {
      "id": "op1-1763181144449-0.04244948713835961",
      "strategyId": "op1",
      "asset": "ETH-USDC-OPTIONS",
      "side": "sell",
      "amount": 14216.207831440142,
      "price": 3380.7402465253795,
      "timestamp": "2024-02-28T00:00:00.000Z"
    },
    {
      "id": "vp1-1763181152845-0.8623072042504055",
      "strategyId": "vp1",
      "asset": "ETH",
      "side": "buy",
      "amount": 23596.026127008292,
      "price": 3347.8631353675164,
      "timestamp": "2024-02-29T00:00:00.000Z"
    },
    {
      "id": "vp1-1763181152845-0.0596722481806744",
      "strategyId": "vp1",
      "asset": "USDC",
      "side": "buy",
      "amount": 23596.026127008292,
      "price": 3347.8631353675164,
      "timestamp": "2024-02-29T00:00:00.000Z"
    },
    {
      "id": "op1-1763181152845-0.8208237770992555",
      "strategyId": "op1",
      "asset": "ETH-USDC-OPTIONS",
      "side": "sell",
      "amount": 14145.615676204974,
      "price": 3341.174098134015,
      "timestamp": "2024-02-29T00:00:00.000Z"
    },
    {
      "id": "vp1-1763181159808-0.6089684059331247",
      "strategyId": "vp1",
      "asset": "ETH",
      "side": "buy",
      "amount": 23485.317760148646,
      "price": 3438.865658706029,
      "timestamp": "2024-03-01T00:00:00.000Z"
    },
    {
      "id": "vp1-1763181159808-0.24312565568659372",
      "strategyId": "vp1",
      "asset": "USDC",
      "side": "buy",
      "amount": 23485.317760148646,
      "price": 3438.865658706029,
      "timestamp": "2024-03-01T00:00:00.000Z"
    },
    {
      "id": "op1-1763181159809-0.29092173455273973",
      "strategyId": "op1",
      "asset": "ETH-USDC-OPTIONS",
      "side": "sell",
      "amount": 14079.190656089188,
      "price": 3431.9947982490744,
      "timestamp": "2024-03-01T00:00:00.000Z"
    },
    {
      "id": "vp1-1763181171687-0.18836203505788285",
      "strategyId": "vp1",
      "asset": "ETH",
      "side": "buy",
      "amount": 23363.21762084096,
      "price": 3425.509064700931,
      "timestamp": "2024-03-02T00:00:00.000Z"
    },
    {
      "id": "vp1-1763181171687-0.12366486521521425",
      "strategyId": "vp1",
      "asset": "USDC",
      "side": "buy",
      "amount": 23363.21762084096,
      "price": 3425.509064700931,
      "timestamp": "2024-03-02T00:00:00.000Z"
    },
    {
      "id": "op1-1763181171687-0.772406522721983",
      "strategyId": "op1",
      "asset": "ETH-USDC-OPTIONS",
      "side": "sell",
      "amount": 14005.930572504574,
      "price": 3418.664890745485,
      "timestamp": "2024-03-02T00:00:00.000Z"
    },
    {
      "id": "vp1-1763181182234-0.28342744145825327",
      "strategyId": "vp1",
      "asset": "ETH",
      "side": "buy",
      "amount": 23244.57183104405,
      "price": 3494.372230030278,
      "timestamp": "2024-03-03T00:00:00.000Z"
    },
    {
      "id": "vp1-1763181182234-0.11312930782003205",
      "strategyId": "vp1",
      "asset": "USDC",
      "side": "buy",
      "amount": 23244.57183104405,
      "price": 3494.372230030278,
      "timestamp": "2024-03-03T00:00:00.000Z"
    },
    {
      "id": "op1-1763181182234-0.45879483247158215",
      "strategyId": "op1",
      "asset": "ETH-USDC-OPTIONS",
      "side": "sell",
      "amount": 13934.74309862643,
      "price": 3487.390467332915,
      "timestamp": "2024-03-03T00:00:00.000Z"
    },
    {
      "id": "vp1-1763181192577-0.1688266140850836",
      "strategyId": "vp1",
      "asset": "ETH",
      "side": "buy",
      "amount": 23117.949904915833,
      "price": 3635.6409164772504,
      "timestamp": "2024-03-04T00:00:00.000Z"
    },
    {
      "id": "vp1-1763181192577-0.5164700412944305",
      "strategyId": "vp1",
      "asset": "USDC",
      "side": "buy",
      "amount": 23117.949904915833,
      "price": 3635.6409164772504,
      "timestamp": "2024-03-04T00:00:00.000Z"
    },
    {
      "id": "op1-1763181192577-0.2054198369468908",
      "strategyId": "op1",
      "asset": "ETH-USDC-OPTIONS",
      "side": "sell",
      "amount": 13858.7699429495,
      "price": 3628.376898662111,
      "timestamp": "2024-03-04T00:00:00.000Z"
    },
    {
      "id": "vp1-1763181200871-0.6526903064392564",
      "strategyId": "vp1",
      "asset": "ETH",
      "side": "buy",
      "amount": 22973.288450297736,
      "price": 3562.7079348563425,
      "timestamp": "2024-03-05T00:00:00.000Z"
    },
    {
      "id": "vp1-1763181200871-0.4596140860178267",
      "strategyId": "vp1",
      "asset": "USDC",
      "side": "buy",
      "amount": 22973.288450297736,
      "price": 3562.7079348563425,
      "timestamp": "2024-03-05T00:00:00.000Z"
    },
    {
      "id": "op1-1763181200871-0.31682781009729655",
      "strategyId": "op1",
      "asset": "ETH-USDC-OPTIONS",
      "side": "sell",
      "amount": 13771.973070178641,
      "price": 3555.5896372842026,
      "timestamp": "2024-03-05T00:00:00.000Z"
    },
    {
      "id": "vp1-1763181209882-0.2220950790877112",
      "strategyId": "vp1",
      "asset": "ETH",
      "side": "buy",
      "amount": 22841.437840927018,
      "price": 3823.9422140027077,
      "timestamp": "2024-03-06T00:00:00.000Z"
    },
    {
      "id": "vp1-1763181209882-0.4774926479494995",
      "strategyId": "vp1",
      "asset": "USDC",
      "side": "buy",
      "amount": 22841.437840927018,
      "price": 3823.9422140027077,
      "timestamp": "2024-03-06T00:00:00.000Z"
    },
    {
      "id": "op1-1763181209883-0.7619817628483608",
      "strategyId": "op1",
      "asset": "ETH-USDC-OPTIONS",
      "side": "sell",
      "amount": 13692.86270455621,
      "price": 3816.3019698188864,
      "timestamp": "2024-03-06T00:00:00.000Z"
    },
    {
      "id": "vp1-1763181242344-0.8471504772967942",
      "strategyId": "vp1",
      "asset": "ETH",
      "side": "buy",
      "amount": 22675.165356438305,
      "price": 3879.6626526880223,
      "timestamp": "2024-03-07T00:00:00.000Z"
    },
    {
      "id": "vp1-1763181242344-0.26793655888040024",
      "strategyId": "vp1",
      "asset": "USDC",
      "side": "buy",
      "amount": 22675.165356438305,
      "price": 3879.6626526880223,
      "timestamp": "2024-03-07T00:00:00.000Z"
    },
    {
      "id": "op1-1763181242344-0.20055343690616734",
      "strategyId": "op1",
      "asset": "ETH-USDC-OPTIONS",
      "side": "sell",
      "amount": 13593.09921386298,
      "price": 3871.9110789563783,
      "timestamp": "2024-03-07T00:00:00.000Z"
    },
    {
      "id": "vp1-1763181311874-0.7647899274479532",
      "strategyId": "vp1",
      "asset": "ETH",
      "side": "buy",
      "amount": 22504.887106714916,
      "price": 3897.8220038401896,
      "timestamp": "2024-03-08T00:00:00.000Z"
    },
    {
      "id": "vp1-1763181311874-0.8804840098184186",
      "strategyId": "vp1",
      "asset": "USDC",
      "side": "buy",
      "amount": 22504.887106714916,
      "price": 3897.8220038401896,
      "timestamp": "2024-03-08T00:00:00.000Z"
    },
    {
      "id": "op1-1763181311874-0.857183887425432",
      "strategyId": "op1",
      "asset": "ETH-USDC-OPTIONS",
      "side": "sell",
      "amount": 13490.93226402895,
      "price": 3890.034147688661,
      "timestamp": "2024-03-08T00:00:00.000Z"
    },
    {
      "id": "vp1-1763181324418-0.8205997052713025",
      "strategyId": "vp1",
      "asset": "ETH",
      "side": "buy",
      "amount": 22336.328000532685,
      "price": 3916.6823699922047,
      "timestamp": "2024-03-09T00:00:00.000Z"
    },
    {
      "id": "vp1-1763181324418-0.764782588999911",
      "strategyId": "vp1",
      "asset": "USDC",
      "side": "buy",
      "amount": 22336.328000532685,
      "price": 3916.6823699922047,
      "timestamp": "2024-03-09T00:00:00.000Z"
    },
    {
      "id": "op1-1763181324419-0.8562126766985985",
      "strategyId": "op1",
      "asset": "ETH-USDC-OPTIONS",
      "side": "sell",
      "amount": 13389.79680031961,
      "price": 3908.856830791421,
      "timestamp": "2024-03-09T00:00:00.000Z"
    },
    {
      "id": "vp1-1763181347716-0.7619526580076497",
      "strategyId": "vp1",
      "asset": "ETH",
      "side": "buy",
      "amount": 22169.472129676084,
      "price": 3888.7887031237815,
      "timestamp": "2024-03-10T00:00:00.000Z"
    },
    {
      "id": "vp1-1763181347716-0.6765224186806427",
      "strategyId": "vp1",
      "asset": "USDC",
      "side": "buy",
      "amount": 22169.472129676084,
      "price": 3888.7887031237815,
      "timestamp": "2024-03-10T00:00:00.000Z"
    },
    {
      "id": "op1-1763181347716-0.19299238082431258",
      "strategyId": "op1",
      "asset": "ETH-USDC-OPTIONS",
      "side": "sell",
      "amount": 13289.68327780565,
      "price": 3881.018895525133,
      "timestamp": "2024-03-10T00:00:00.000Z"
    },
    {
      "id": "vp1-1763181360207-0.8210096537812543",
      "strategyId": "vp1",
      "asset": "ETH",
      "side": "buy",
      "amount": 22010.53519807841,
      "price": 4071.064271756503,
      "timestamp": "2024-03-11T00:00:00.000Z"
    },
    {
      "id": "vp1-1763181360207-0.3234725324163098",
      "strategyId": "vp1",
      "asset": "USDC",
      "side": "buy",
      "amount": 22010.53519807841,
      "price": 4071.064271756503,
      "timestamp": "2024-03-11T00:00:00.000Z"
    },
    {
      "id": "op1-1763181360207-0.8511782005715868",
      "strategyId": "op1",
      "asset": "ETH-USDC-OPTIONS",
      "side": "sell",
      "amount": 13194.321118847045,
      "price": 4062.930277207539,
      "timestamp": "2024-03-11T00:00:00.000Z"
    },
    {
      "id": "vp1-1763181370652-0.29917823213564665",
      "strategyId": "vp1",
      "asset": "ETH",
      "side": "buy",
      "amount": 21832.174416077996,
      "price": 3985.359372571016,
      "timestamp": "2024-03-12T00:00:00.000Z"
    },
    {
      "id": "vp1-1763181370652-0.6800022864107776",
      "strategyId": "vp1",
      "asset": "USDC",
      "side": "buy",
      "amount": 21832.174416077996,
      "price": 3985.359372571016,
      "timestamp": "2024-03-12T00:00:00.000Z"
    },
    {
      "id": "op1-1763181370652-0.3350813830466246",
      "strategyId": "op1",
      "asset": "ETH-USDC-OPTIONS",
      "side": "sell",
      "amount": 13087.304649646798,
      "price": 3977.3966165818633,
      "timestamp": "2024-03-12T00:00:00.000Z"
    },
    {
      "id": "vp1-1763181380816-0.5136192699237335",
      "strategyId": "vp1",
      "asset": "ETH",
      "side": "buy",
      "amount": 21669.861248466852,
      "price": 4009.871936101257,
      "timestamp": "2024-03-13T00:00:00.000Z"
    },
    {
      "id": "vp1-1763181380816-0.5865866488757",
      "strategyId": "vp1",
      "asset": "USDC",
      "side": "buy",
      "amount": 21669.861248466852,
      "price": 4009.871936101257,
      "timestamp": "2024-03-13T00:00:00.000Z"
    },
    {
      "id": "op1-1763181380816-0.5698676240348836",
      "strategyId": "op1",
      "asset": "ETH-USDC-OPTIONS",
      "side": "sell",
      "amount": 12989.91674908011,
      "price": 4001.860203961195,
      "timestamp": "2024-03-13T00:00:00.000Z"
    },
    {
      "id": "vp1-1763181392668-0.12714485189725055",
      "strategyId": "vp1",
      "asset": "ETH",
      "side": "buy",
      "amount": 21509.03603089833,
      "price": 3883.4490266208727,
      "timestamp": "2024-03-14T00:00:00.000Z"
    },
    {
      "id": "vp1-1763181392668-0.505158574700339",
      "strategyId": "vp1",
      "asset": "USDC",
      "side": "buy",
      "amount": 21509.03603089833,
      "price": 3883.4490266208727,
      "timestamp": "2024-03-14T00:00:00.000Z"
    },
    {
      "id": "op1-1763181392668-0.617244927915585",
      "strategyId": "op1",
      "asset": "ETH-USDC-OPTIONS",
      "side": "sell",
      "amount": 12893.421618538996,
      "price": 3875.689887706546,
      "timestamp": "2024-03-14T00:00:00.000Z"
    },
    {
      "id": "vp1-1763181403932-0.9137792028347855",
      "strategyId": "vp1",
      "asset": "ETH",
      "side": "buy",
      "amount": 21367.189788656975,
      "price": 3743.7920834710044,
      "timestamp": "2024-03-15T00:00:00.000Z"
    },
    {
      "id": "vp1-1763181403932-0.7957082773940317",
      "strategyId": "vp1",
      "asset": "USDC",
      "side": "buy",
      "amount": 21367.189788656975,
      "price": 3743.7920834710044,
      "timestamp": "2024-03-15T00:00:00.000Z"
    },
    {
      "id": "op1-1763181403932-0.780837948096893",
      "strategyId": "op1",
      "asset": "ETH-USDC-OPTIONS",
      "side": "sell",
      "amount": 12808.313873194184,
      "price": 3736.311979408126,
      "timestamp": "2024-03-15T00:00:00.000Z"
    },
    {
      "id": "vp1-1763181413968-0.28623891068756446",
      "strategyId": "vp1",
      "asset": "ETH",
      "side": "buy",
      "amount": 21243.87524387175,
      "price": 3524.541522494596,
      "timestamp": "2024-03-16T00:00:00.000Z"
    },
    {
      "id": "vp1-1763181413968-0.5451352933709044",
      "strategyId": "vp1",
      "asset": "USDC",
      "side": "buy",
      "amount": 21243.87524387175,
      "price": 3524.541522494596,
      "timestamp": "2024-03-16T00:00:00.000Z"
    },
    {
      "id": "op1-1763181413968-0.9579301673085039",
      "strategyId": "op1",
      "asset": "ETH-USDC-OPTIONS",
      "side": "sell",
      "amount": 12734.325146323048,
      "price": 3517.4994814906113,
      "timestamp": "2024-03-16T00:00:00.000Z"
    },
    {
      "id": "vp1-1763181430147-0.345257542457994",
      "strategyId": "vp1",
      "asset": "ETH",
      "side": "buy",
      "amount": 21145.004199086543,
      "price": 3645.5000851579075,
      "timestamp": "2024-03-17T00:00:00.000Z"
    },
    {
      "id": "vp1-1763181430147-0.4694388675587615",
      "strategyId": "vp1",
      "asset": "USDC",
      "side": "buy",
      "amount": 21145.004199086543,
      "price": 3645.5000851579075,
      "timestamp": "2024-03-17T00:00:00.000Z"
    },
    {
      "id": "op1-1763181430147-0.03713970606642836",
      "strategyId": "op1",
      "asset": "ETH-USDC-OPTIONS",
      "side": "sell",
      "amount": 12675.002519451924,
      "price": 3638.2163687040456,
      "timestamp": "2024-03-17T00:00:00.000Z"
    },
    {
      "id": "vp1-1763181446276-0.9290084912789585",
      "strategyId": "vp1",
      "asset": "ETH",
      "side": "buy",
      "amount": 21035.77252078132,
      "price": 3524.028072684866,
      "timestamp": "2024-03-18T00:00:00.000Z"
    },
    {
      "id": "vp1-1763181446276-0.8069807033901536",
      "strategyId": "vp1",
      "asset": "USDC",
      "side": "buy",
      "amount": 21035.77252078132,
      "price": 3524.028072684866,
      "timestamp": "2024-03-18T00:00:00.000Z"
    },
    {
      "id": "op1-1763181446277-0.7365323949556754",
      "strategyId": "op1",
      "asset": "ETH-USDC-OPTIONS",
      "side": "sell",
      "amount": 12609.463512468792,
      "price": 3516.987057554627,
      "timestamp": "2024-03-18T00:00:00.000Z"
    },
    {
      "id": "vp1-1763181459394-0.08490661961304347",
      "strategyId": "vp1",
      "asset": "ETH",
      "side": "buy",
      "amount": 20939.88000502027,
      "price": 3164.796943338366,
      "timestamp": "2024-03-19T00:00:00.000Z"
    },
    {
      "id": "vp1-1763181459394-0.4315338785780678",
      "strategyId": "vp1",
      "asset": "USDC",
      "side": "buy",
      "amount": 20939.88000502027,
      "price": 3164.796943338366,
      "timestamp": "2024-03-19T00:00:00.000Z"
    },
    {
      "id": "op1-1763181459394-0.4065265572480212",
      "strategyId": "op1",
      "asset": "ETH-USDC-OPTIONS",
      "side": "sell",
      "amount": 12551.928003012163,
      "price": 3158.4736727223058,
      "timestamp": "2024-03-19T00:00:00.000Z"
    },
    {
      "id": "vp1-1763181474076-0.013594117779110793",
      "strategyId": "vp1",
      "asset": "ETH",
      "side": "buy",
      "amount": 20875.374424202993,
      "price": 3518.8207404098216,
      "timestamp": "2024-03-20T00:00:00.000Z"
    },
    {
      "id": "vp1-1763181474076-0.9064574510485722",
      "strategyId": "vp1",
      "asset": "USDC",
      "side": "buy",
      "amount": 20875.374424202993,
      "price": 3518.8207404098216,
      "timestamp": "2024-03-20T00:00:00.000Z"
    },
    {
      "id": "op1-1763181474077-0.7910517200194565",
      "strategyId": "op1",
      "asset": "ETH-USDC-OPTIONS",
      "side": "sell",
      "amount": 12513.224654521793,
      "price": 3511.7901295398724,
      "timestamp": "2024-03-20T00:00:00.000Z"
    },
    {
      "id": "vp1-1763181488208-0.21386270757336356",
      "strategyId": "vp1",
      "asset": "ETH",
      "side": "buy",
      "amount": 20781.97652980034,
      "price": 3494.426633912854,
      "timestamp": "2024-03-21T00:00:00.000Z"
    },
    {
      "id": "vp1-1763181488208-0.16929609083052533",
      "strategyId": "vp1",
      "asset": "USDC",
      "side": "buy",
      "amount": 20781.97652980034,
      "price": 3494.426633912854,
      "timestamp": "2024-03-21T00:00:00.000Z"
    },
    {
      "id": "op1-1763181488208-0.4919598736662112",
      "strategyId": "op1",
      "asset": "ETH-USDC-OPTIONS",
      "side": "sell",
      "amount": 12457.185917880204,
      "price": 3487.444762516425,
      "timestamp": "2024-03-21T00:00:00.000Z"
    },
    {
      "id": "vp1-1763181503568-0.5537719623350664",
      "strategyId": "vp1",
      "asset": "ETH",
      "side": "buy",
      "amount": 20691.963710734803,
      "price": 3338.3830381108473,
      "timestamp": "2024-03-22T00:00:00.000Z"
    },
    {
      "id": "vp1-1763181503568-0.6851353921260556",
      "strategyId": "vp1",
      "asset": "USDC",
      "side": "buy",
      "amount": 20691.963710734803,
      "price": 3338.3830381108473,
      "timestamp": "2024-03-22T00:00:00.000Z"
    },
    {
      "id": "op1-1763181503568-0.9639682121561199",
      "strategyId": "op1",
      "asset": "ETH-USDC-OPTIONS",
      "side": "sell",
      "amount": 12403.178226440881,
      "price": 3331.7129421306063,
      "timestamp": "2024-03-22T00:00:00.000Z"
    },
    {
      "id": "vp1-1763181518212-0.772406163274579",
      "strategyId": "vp1",
      "asset": "ETH",
      "side": "buy",
      "amount": 20615.99701462405,
      "price": 3335.3446237999733,
      "timestamp": "2024-03-23T00:00:00.000Z"
    },
    {
      "id": "vp1-1763181518212-0.4937315050568213",
      "strategyId": "vp1",
      "asset": "USDC",
      "side": "buy",
      "amount": 20615.99701462405,
      "price": 3335.3446237999733,
      "timestamp": "2024-03-23T00:00:00.000Z"
    },
    {
      "id": "op1-1763181518212-0.23070170442475157",
      "strategyId": "op1",
      "asset": "ETH-USDC-OPTIONS",
      "side": "sell",
      "amount": 12357.598208774427,
      "price": 3328.680598577596,
      "timestamp": "2024-03-23T00:00:00.000Z"
    },
    {
      "id": "vp1-1763181533177-0.22705832156689376",
      "strategyId": "vp1",
      "asset": "ETH",
      "side": "buy",
      "amount": 20540.941408196526,
      "price": 3458.5524075952326,
      "timestamp": "2024-03-24T00:00:00.000Z"
    },
    {
      "id": "vp1-1763181533177-0.7636938952986769",
      "strategyId": "vp1",
      "asset": "USDC",
      "side": "buy",
      "amount": 20540.941408196526,
      "price": 3458.5524075952326,
      "timestamp": "2024-03-24T00:00:00.000Z"
    },
    {
      "id": "op1-1763181533177-0.29323452044434806",
      "strategyId": "op1",
      "asset": "ETH-USDC-OPTIONS",
      "side": "sell",
      "amount": 12312.564844917915,
      "price": 3451.642212974663,
      "timestamp": "2024-03-24T00:00:00.000Z"
    },
    {
      "id": "vp1-1763181549034-0.14979241687687772",
      "strategyId": "vp1",
      "asset": "ETH",
      "side": "buy",
      "amount": 20456.734603701956,
      "price": 3592.8745341270637,
      "timestamp": "2024-03-25T00:00:00.000Z"
    },
    {
      "id": "vp1-1763181549034-0.8295070243141884",
      "strategyId": "vp1",
      "asset": "USDC",
      "side": "buy",
      "amount": 20456.734603701956,
      "price": 3592.8745341270637,
      "timestamp": "2024-03-25T00:00:00.000Z"
    },
    {
      "id": "op1-1763181549034-0.48793840542370803",
      "strategyId": "op1",
      "asset": "ETH-USDC-OPTIONS",
      "side": "sell",
      "amount": 12262.040762221171,
      "price": 3585.6959636293077,
      "timestamp": "2024-03-25T00:00:00.000Z"
    },
    {
      "id": "vp1-1763181561322-0.2030831845172859",
      "strategyId": "vp1",
      "asset": "ETH",
      "side": "buy",
      "amount": 20362.421704506734,
      "price": 3591.385610531619,
      "timestamp": "2024-03-26T00:00:00.000Z"
    },
    {
      "id": "vp1-1763181561322-0.705610626209918",
      "strategyId": "vp1",
      "asset": "USDC",
      "side": "buy",
      "amount": 20362.421704506734,
      "price": 3591.385610531619,
      "timestamp": "2024-03-26T00:00:00.000Z"
    },
    {
      "id": "op1-1763181561322-0.1789886767145359",
      "strategyId": "op1",
      "asset": "ETH-USDC-OPTIONS",
      "side": "sell",
      "amount": 12205.453022704038,
      "price": 3584.2100149061816,
      "timestamp": "2024-03-26T00:00:00.000Z"
    },
    {
      "id": "vp1-1763181571767-0.3056804382485906",
      "strategyId": "vp1",
      "asset": "ETH",
      "side": "buy",
      "amount": 20269.625734000365,
      "price": 3503.55726691376,
      "timestamp": "2024-03-27T00:00:00.000Z"
    },
    {
      "id": "vp1-1763181571767-0.5593947154711787",
      "strategyId": "vp1",
      "asset": "USDC",
      "side": "buy",
      "amount": 20269.625734000365,
      "price": 3503.55726691376,
      "timestamp": "2024-03-27T00:00:00.000Z"
    },
    {
      "id": "op1-1763181571767-0.3393111855859935",
      "strategyId": "op1",
      "asset": "ETH-USDC-OPTIONS",
      "side": "sell",
      "amount": 12149.775440400217,
      "price": 3496.557152494352,
      "timestamp": "2024-03-27T00:00:00.000Z"
    },
    {
      "id": "vp1-1763181585284-0.7887880615046287",
      "strategyId": "vp1",
      "asset": "ETH",
      "side": "buy",
      "amount": 20185.1758653597,
      "price": 3565.5904864504837,
      "timestamp": "2024-03-28T00:00:00.000Z"
    },
    {
      "id": "vp1-1763181585284-0.11384184479623283",
      "strategyId": "vp1",
      "asset": "USDC",
      "side": "buy",
      "amount": 20185.1758653597,
      "price": 3565.5904864504837,
      "timestamp": "2024-03-28T00:00:00.000Z"
    },
    {
      "id": "op1-1763181585284-0.5157799448433046",
      "strategyId": "op1",
      "asset": "ETH-USDC-OPTIONS",
      "side": "sell",
      "amount": 12099.105519215818,
      "price": 3558.4664295344987,
      "timestamp": "2024-03-28T00:00:00.000Z"
    },
    {
      "id": "vp1-1763181600439-0.2624190327802214",
      "strategyId": "vp1",
      "asset": "ETH",
      "side": "buy",
      "amount": 20096.943553559497,
      "price": 3517.3226737343107,
      "timestamp": "2024-03-29T00:00:00.000Z"
    },
    {
      "id": "vp1-1763181600439-0.22787068577273784",
      "strategyId": "vp1",
      "asset": "USDC",
      "side": "buy",
      "amount": 20096.943553559497,
      "price": 3517.3226737343107,
      "timestamp": "2024-03-29T00:00:00.000Z"
    },
    {
      "id": "op1-1763181600439-0.4095190040089153",
      "strategyId": "op1",
      "asset": "ETH-USDC-OPTIONS",
      "side": "sell",
      "amount": 12046.166132135699,
      "price": 3510.295056004572,
      "timestamp": "2024-03-29T00:00:00.000Z"
    },
    {
      "id": "vp1-1763181615109-0.9343528608487316",
      "strategyId": "vp1",
      "asset": "ETH",
      "side": "buy",
      "amount": 20013.60338090181,
      "price": 3511.5461899283628,
      "timestamp": "2024-03-30T00:00:00.000Z"
    },
    {
      "id": "vp1-1763181615109-0.2888335897677716",
      "strategyId": "vp1",
      "asset": "USDC",
      "side": "buy",
      "amount": 20013.60338090181,
      "price": 3511.5461899283628,
      "timestamp": "2024-03-30T00:00:00.000Z"
    },
    {
      "id": "op1-1763181615109-0.313330801398083",
      "strategyId": "op1",
      "asset": "ETH-USDC-OPTIONS",
      "side": "sell",
      "amount": 11996.162028541088,
      "price": 3504.53011362481,
      "timestamp": "2024-03-30T00:00:00.000Z"
    },
    {
      "id": "vp1-1763181629596-0.5786143277912221",
      "strategyId": "vp1",
      "asset": "ETH",
      "side": "buy",
      "amount": 19931.7239044491,
      "price": 3650.27800080025,
      "timestamp": "2024-03-31T00:00:00.000Z"
    },
    {
      "id": "vp1-1763181629596-0.19889863100805616",
      "strategyId": "vp1",
      "asset": "USDC",
      "side": "buy",
      "amount": 19931.7239044491,
      "price": 3650.27800080025,
      "timestamp": "2024-03-31T00:00:00.000Z"
    },
    {
      "id": "op1-1763181629596-0.29295332449675426",
      "strategyId": "op1",
      "asset": "ETH-USDC-OPTIONS",
      "side": "sell",
      "amount": 11947.034342669458,
      "price": 3642.9847380613887,
      "timestamp": "2024-03-31T00:00:00.000Z"
    },
    {
      "id": "vp1-1763181644681-0.3581983123607715",
      "strategyId": "vp1",
      "asset": "ETH",
      "side": "buy",
      "amount": 19840.527735448246,
      "price": 3507.9003403727966,
      "timestamp": "2024-04-01T00:00:00.000Z"
    },
    {
      "id": "vp1-1763181644681-0.893995831100544",
      "strategyId": "vp1",
      "asset": "USDC",
      "side": "buy",
      "amount": 19840.527735448246,
      "price": 3507.9003403727966,
      "timestamp": "2024-04-01T00:00:00.000Z"
    },
    {
      "id": "op1-1763181644681-0.9244063256176784",
      "strategyId": "op1",
      "asset": "ETH-USDC-OPTIONS",
      "side": "sell",
      "amount": 11892.316641268946,
      "price": 3500.8915484839404,
      "timestamp": "2024-04-01T00:00:00.000Z"
    },
    {
      "id": "vp1-1763181658707-0.7100383463036478",
      "strategyId": "vp1",
      "asset": "ETH",
      "side": "buy",
      "amount": 19761.086965131122,
      "price": 3279.4981322506173,
      "timestamp": "2024-04-02T00:00:00.000Z"
    },
    {
      "id": "vp1-1763181658707-0.051709977784046735",
      "strategyId": "vp1",
      "asset": "USDC",
      "side": "buy",
      "amount": 19761.086965131122,
      "price": 3279.4981322506173,
      "timestamp": "2024-04-02T00:00:00.000Z"
    },
    {
      "id": "op1-1763181658707-0.8462883916772682",
      "strategyId": "op1",
      "asset": "ETH-USDC-OPTIONS",
      "side": "sell",
      "amount": 11844.652179078672,
      "price": 3272.9456884299375,
      "timestamp": "2024-04-02T00:00:00.000Z"
    },
    {
      "id": "vp1-1763181673246-0.2079289433894097",
      "strategyId": "vp1",
      "asset": "ETH",
      "side": "buy",
      "amount": 19697.68437062603,
      "price": 3315.8025554694177,
      "timestamp": "2024-04-03T00:00:00.000Z"
    },
    {
      "id": "vp1-1763181673246-0.0443300856876484",
      "strategyId": "vp1",
      "asset": "USDC",
      "side": "buy",
      "amount": 19697.68437062603,
      "price": 3315.8025554694177,
      "timestamp": "2024-04-03T00:00:00.000Z"
    },
    {
      "id": "op1-1763181673246-0.6921260835985055",
      "strategyId": "op1",
      "asset": "ETH-USDC-OPTIONS",
      "side": "sell",
      "amount": 11806.610622375618,
      "price": 3309.17757533861,
      "timestamp": "2024-04-03T00:00:00.000Z"
    },
    {
      "id": "vp1-1763181685842-0.456363086428216",
      "strategyId": "vp1",
      "asset": "ETH",
      "side": "buy",
      "amount": 19632.466312569453,
      "price": 3331.9851989145764,
      "timestamp": "2024-04-04T00:00:00.000Z"
    },
    {
      "id": "vp1-1763181685842-0.2982340999034777",
      "strategyId": "vp1",
      "asset": "USDC",
      "side": "buy",
      "amount": 19632.466312569453,
      "price": 3331.9851989145764,
      "timestamp": "2024-04-04T00:00:00.000Z"
    },
    {
      "id": "op1-1763181685842-0.164176994643895",
      "strategyId": "op1",
      "asset": "ETH-USDC-OPTIONS",
      "side": "sell",
      "amount": 11767.479787541672,
      "price": 3325.327885829832,
      "timestamp": "2024-04-04T00:00:00.000Z"
    },
    {
      "id": "vp1-1763181695979-0.4921320161789787",
      "strategyId": "vp1",
      "asset": "ETH",
      "side": "buy",
      "amount": 19566.738497025184,
      "price": 3322.664970605535,
      "timestamp": "2024-04-05T00:00:00.000Z"
    },
    {
      "id": "vp1-1763181695979-0.7706904998822411",
      "strategyId": "vp1",
      "asset": "USDC",
      "side": "buy",
      "amount": 19566.738497025184,
      "price": 3322.664970605535,
      "timestamp": "2024-04-05T00:00:00.000Z"
    },
    {
      "id": "op1-1763181695979-0.7258378549961445",
      "strategyId": "op1",
      "asset": "ETH-USDC-OPTIONS",
      "side": "sell",
      "amount": 11728.043098215108,
      "price": 3316.0262793555744,
      "timestamp": "2024-04-05T00:00:00.000Z"
    },
    {
      "id": "vp1-1763181711228-0.7717597144381425",
      "strategyId": "vp1",
      "asset": "ETH",
      "side": "buy",
      "amount": 19502.10221185722,
      "price": 3356.8611493780245,
      "timestamp": "2024-04-06T00:00:00.000Z"
    },
    {
      "id": "vp1-1763181711228-0.39753658047666685",
      "strategyId": "vp1",
      "asset": "USDC",
      "side": "buy",
      "amount": 19502.10221185722,
      "price": 3356.8611493780245,
      "timestamp": "2024-04-06T00:00:00.000Z"
    },
    {
      "id": "op1-1763181711228-0.331008364864004",
      "strategyId": "op1",
      "asset": "ETH-USDC-OPTIONS",
      "side": "sell",
      "amount": 11689.261327114331,
      "price": 3350.1541340945523,
      "timestamp": "2024-04-06T00:00:00.000Z"
    },
    {
      "id": "vp1-1763181724320-0.910181166415937",
      "strategyId": "vp1",
      "asset": "ETH",
      "side": "buy",
      "amount": 19435.87516580031,
      "price": 3457.3858104661977,
      "timestamp": "2024-04-07T00:00:00.000Z"
    },
    {
      "id": "vp1-1763181724320-0.09674266719967262",
      "strategyId": "vp1",
      "asset": "USDC",
      "side": "buy",
      "amount": 19435.87516580031,
      "price": 3457.3858104661977,
      "timestamp": "2024-04-07T00:00:00.000Z"
    },
    {
      "id": "op1-1763181724320-0.0007351194106602899",
      "strategyId": "op1",
      "asset": "ETH-USDC-OPTIONS",
      "side": "sell",
      "amount": 11649.525099480185,
      "price": 3450.4779467090225,
      "timestamp": "2024-04-07T00:00:00.000Z"
    },
    {
      "id": "vp1-1763181739981-0.7595174060915204",
      "strategyId": "vp1",
      "asset": "ETH",
      "side": "buy",
      "amount": 19363.97610328898,
      "price": 3696.8279790084134,
      "timestamp": "2024-04-08T00:00:00.000Z"
    },
    {
      "id": "vp1-1763181739981-0.3251666552344057",
      "strategyId": "vp1",
      "asset": "USDC",
      "side": "buy",
      "amount": 19363.97610328898,
      "price": 3696.8279790084134,
      "timestamp": "2024-04-08T00:00:00.000Z"
    },
    {
      "id": "op1-1763181739981-0.9127698826545386",
      "strategyId": "op1",
      "asset": "ETH-USDC-OPTIONS",
      "side": "sell",
      "amount": 11606.385661973389,
      "price": 3689.441709320085,
      "timestamp": "2024-04-08T00:00:00.000Z"
    },
    {
      "id": "vp1-1763181756293-0.8943552692175948",
      "strategyId": "vp1",
      "asset": "ETH",
      "side": "buy",
      "amount": 19277.27634541073,
      "price": 3507.634227309951,
      "timestamp": "2024-04-09T00:00:00.000Z"
    },
    {
      "id": "vp1-1763181756293-0.4121976215596572",
      "strategyId": "vp1",
      "asset": "USDC",
      "side": "buy",
      "amount": 19277.27634541073,
      "price": 3507.634227309951,
      "timestamp": "2024-04-09T00:00:00.000Z"
    },
    {
      "id": "op1-1763181756293-0.27395727126808944",
      "strategyId": "op1",
      "asset": "ETH-USDC-OPTIONS",
      "side": "sell",
      "amount": 11554.365807246439,
      "price": 3500.6259671155253,
      "timestamp": "2024-04-09T00:00:00.000Z"
    },
    {
      "id": "vp1-1763181773702-0.4137498976138366",
      "strategyId": "vp1",
      "asset": "ETH",
      "side": "buy",
      "amount": 19204.070949315977,
      "price": 3547.3169674714536,
      "timestamp": "2024-04-10T00:00:00.000Z"
    },
    {
      "id": "vp1-1763181773702-0.8855500332677682",
      "strategyId": "vp1",
      "asset": "USDC",
      "side": "buy",
      "amount": 19204.070949315977,
      "price": 3547.3169674714536,
      "timestamp": "2024-04-10T00:00:00.000Z"
    },
    {
      "id": "op1-1763181773703-0.34026088243301067",
      "strategyId": "op1",
      "asset": "ETH-USDC-OPTIONS",
      "side": "sell",
      "amount": 11510.442569589584,
      "price": 3540.2294210829,
      "timestamp": "2024-04-10T00:00:00.000Z"
    },
    {
      "id": "vp1-1763181789983-0.7330687237026199",
      "strategyId": "vp1",
      "asset": "ETH",
      "side": "buy",
      "amount": 19129.273375411078,
      "price": 3507.7824019829823,
      "timestamp": "2024-04-11T00:00:00.000Z"
    },
    {
      "id": "vp1-1763181789983-0.007240354904469948",
      "strategyId": "vp1",
      "asset": "USDC",
      "side": "buy",
      "amount": 19129.273375411078,
      "price": 3507.7824019829823,
      "timestamp": "2024-04-11T00:00:00.000Z"
    },
    {
      "id": "op1-1763181789983-0.07838509764105694",
      "strategyId": "op1",
      "asset": "ETH-USDC-OPTIONS",
      "side": "sell",
      "amount": 11465.564025246646,
      "price": 3500.773845735265,
      "timestamp": "2024-04-11T00:00:00.000Z"
    },
    {
      "id": "vp1-1763181807596-0.5807430087781538",
      "strategyId": "vp1",
      "asset": "ETH",
      "side": "buy",
      "amount": 19057.758660270356,
      "price": 3243.5378344085634,
      "timestamp": "2024-04-12T00:00:00.000Z"
    },
    {
      "id": "vp1-1763181807596-0.024085209329546053",
      "strategyId": "vp1",
      "asset": "USDC",
      "side": "buy",
      "amount": 19057.758660270356,
      "price": 3243.5378344085634,
      "timestamp": "2024-04-12T00:00:00.000Z"
    },
    {
      "id": "op1-1763181807596-0.2715965314099419",
      "strategyId": "op1",
      "asset": "ETH-USDC-OPTIONS",
      "side": "sell",
      "amount": 11422.655196162214,
      "price": 3237.05723933482,
      "timestamp": "2024-04-12T00:00:00.000Z"
    },
    {
      "id": "vp1-1763181823820-0.18530930406937218",
      "strategyId": "vp1",
      "asset": "ETH",
      "side": "buy",
      "amount": 19001.57697835352,
      "price": 3019.110134829547,
      "timestamp": "2024-04-13T00:00:00.000Z"
    },
    {
      "id": "vp1-1763181823820-0.2909057232028389",
      "strategyId": "vp1",
      "asset": "USDC",
      "side": "buy",
      "amount": 19001.57697835352,
      "price": 3019.110134829547,
      "timestamp": "2024-04-13T00:00:00.000Z"
    },
    {
      "id": "op1-1763181823821-0.1465561213169384",
      "strategyId": "op1",
      "asset": "ETH-USDC-OPTIONS",
      "side": "sell",
      "amount": 11388.946187012114,
      "price": 3013.0779467479697,
      "timestamp": "2024-04-13T00:00:00.000Z"
    },
    {
      "id": "vp1-1763181839238-0.6103439804382793",
      "strategyId": "vp1",
      "asset": "ETH",
      "side": "buy",
      "amount": 18956.229315001616,
      "price": 3160.4236029668705,
      "timestamp": "2024-04-14T00:00:00.000Z"
    },
    {
      "id": "vp1-1763181839238-0.7442182296154441",
      "strategyId": "vp1",
      "asset": "USDC",
      "side": "buy",
      "amount": 18956.229315001616,
      "price": 3160.4236029668705,
      "timestamp": "2024-04-14T00:00:00.000Z"
    },
    {
      "id": "op1-1763181839238-0.7810139021952669",
      "strategyId": "op1",
      "asset": "ETH-USDC-OPTIONS",
      "side": "sell",
      "amount": 11361.737589000968,
      "price": 3154.1090702936103,
      "timestamp": "2024-04-14T00:00:00.000Z"
    },
    {
      "id": "vp1-1763181857464-0.0952575725915289",
      "strategyId": "vp1",
      "asset": "ETH",
      "side": "buy",
      "amount": 18904.641135567286,
      "price": 3104.919290093008,
      "timestamp": "2024-04-15T00:00:00.000Z"
    },
    {
      "id": "vp1-1763181857464-0.23890049273439629",
      "strategyId": "vp1",
      "asset": "USDC",
      "side": "buy",
      "amount": 18904.641135567286,
      "price": 3104.919290093008,
      "timestamp": "2024-04-15T00:00:00.000Z"
    },
    {
      "id": "op1-1763181857464-0.9467494702099346",
      "strategyId": "op1",
      "asset": "ETH-USDC-OPTIONS",
      "side": "sell",
      "amount": 11330.784681340374,
      "price": 3098.7156551477674,
      "timestamp": "2024-04-15T00:00:00.000Z"
    },
    {
      "id": "vp1-1763181871187-0.20626325493810804",
      "strategyId": "vp1",
      "asset": "ETH",
      "side": "buy",
      "amount": 18855.840834830185,
      "price": 3087.3803019270754,
      "timestamp": "2024-04-16T00:00:00.000Z"
    },
    {
      "id": "vp1-1763181871187-0.6962131072304676",
      "strategyId": "vp1",
      "asset": "USDC",
      "side": "buy",
      "amount": 18855.840834830185,
      "price": 3087.3803019270754,
      "timestamp": "2024-04-16T00:00:00.000Z"
    },
    {
      "id": "op1-1763181871187-0.2119139795924332",
      "strategyId": "op1",
      "asset": "ETH-USDC-OPTIONS",
      "side": "sell",
      "amount": 11301.50450089811,
      "price": 3081.2117099152333,
      "timestamp": "2024-04-16T00:00:00.000Z"
    },
    {
      "id": "vp1-1763181888185-0.863682595583607",
      "strategyId": "vp1",
      "asset": "ETH",
      "side": "buy",
      "amount": 18807.992085372378,
      "price": 2987.627270654257,
      "timestamp": "2024-04-17T00:00:00.000Z"
    },
    {
      "id": "vp1-1763181888185-0.20050391483577124",
      "strategyId": "vp1",
      "asset": "USDC",
      "side": "buy",
      "amount": 18807.992085372378,
      "price": 2987.627270654257,
      "timestamp": "2024-04-17T00:00:00.000Z"
    },
    {
      "id": "op1-1763181888186-0.9771482334048113",
      "strategyId": "op1",
      "asset": "ETH-USDC-OPTIONS",
      "side": "sell",
      "amount": 11272.795251223426,
      "price": 2981.6579853982043,
      "timestamp": "2024-04-17T00:00:00.000Z"
    },
    {
      "id": "vp1-1763181905871-0.28802838286167853",
      "strategyId": "vp1",
      "asset": "ETH",
      "side": "buy",
      "amount": 18764.468705279054,
      "price": 3068.4578990197806,
      "timestamp": "2024-04-18T00:00:00.000Z"
    },
    {
      "id": "vp1-1763181905871-0.26500601119848977",
      "strategyId": "vp1",
      "asset": "USDC",
      "side": "buy",
      "amount": 18764.468705279054,
      "price": 3068.4578990197806,
      "timestamp": "2024-04-18T00:00:00.000Z"
    },
    {
      "id": "op1-1763181905872-0.2887143152566519",
      "strategyId": "op1",
      "asset": "ETH-USDC-OPTIONS",
      "side": "sell",
      "amount": 11246.681223167434,
      "price": 3062.327114006754,
      "timestamp": "2024-04-18T00:00:00.000Z"
    },
    {
      "id": "vp1-1763181924538-0.7882322766555455",
      "strategyId": "vp1",
      "asset": "ETH",
      "side": "buy",
      "amount": 18717.708870494218,
      "price": 3061.6038110616046,
      "timestamp": "2024-04-19T00:00:00.000Z"
    },
    {
      "id": "vp1-1763181924538-0.4252034061405586",
      "strategyId": "vp1",
      "asset": "USDC",
      "side": "buy",
      "amount": 18717.708870494218,
      "price": 3061.6038110616046,
      "timestamp": "2024-04-19T00:00:00.000Z"
    },
    {
      "id": "op1-1763181924538-0.22351072892289026",
      "strategyId": "op1",
      "asset": "ETH-USDC-OPTIONS",
      "side": "sell",
      "amount": 11218.625322296532,
      "price": 3055.4867205300134,
      "timestamp": "2024-04-19T00:00:00.000Z"
    },
    {
      "id": "vp1-1763181945518-0.822367156047293",
      "strategyId": "vp1",
      "asset": "ETH",
      "side": "buy",
      "amount": 18671.3811106478,
      "price": 3159.5813144548947,
      "timestamp": "2024-04-20T00:00:00.000Z"
    },
    {
      "id": "vp1-1763181945518-0.4250894643603962",
      "strategyId": "vp1",
      "asset": "USDC",
      "side": "buy",
      "amount": 18671.3811106478,
      "price": 3159.5813144548947,
      "timestamp": "2024-04-20T00:00:00.000Z"
    },
    {
      "id": "op1-1763181945518-0.02840577349041762",
      "strategyId": "op1",
      "asset": "ETH-USDC-OPTIONS",
      "side": "sell",
      "amount": 11190.82866638868,
      "price": 3153.2684646757643,
      "timestamp": "2024-04-20T00:00:00.000Z"
    },
    {
      "id": "vp1-1763181964679-0.053879828899039084",
      "strategyId": "vp1",
      "asset": "ETH",
      "side": "buy",
      "amount": 18620.924723860124,
      "price": 3151.614301150171,
      "timestamp": "2024-04-21T00:00:00.000Z"
    },
    {
      "id": "vp1-1763181964679-0.32522029779049433",
      "strategyId": "vp1",
      "asset": "USDC",
      "side": "buy",
      "amount": 18620.924723860124,
      "price": 3151.614301150171,
      "timestamp": "2024-04-21T00:00:00.000Z"
    },
    {
      "id": "op1-1763181964679-0.5852883883975204",
      "strategyId": "op1",
      "asset": "ETH-USDC-OPTIONS",
      "side": "sell",
      "amount": 11160.554834316075,
      "price": 3145.3173694795414,
      "timestamp": "2024-04-21T00:00:00.000Z"
    },
    {
      "id": "vp1-1763181980653-0.2411011907396502",
      "strategyId": "vp1",
      "asset": "ETH",
      "side": "buy",
      "amount": 18571.031751522663,
      "price": 3204.0265956453413,
      "timestamp": "2024-04-22T00:00:00.000Z"
    },
    {
      "id": "vp1-1763181980653-0.7939418844372809",
      "strategyId": "vp1",
      "asset": "USDC",
      "side": "buy",
      "amount": 18571.031751522663,
      "price": 3204.0265956453413,
      "timestamp": "2024-04-22T00:00:00.000Z"
    },
    {
      "id": "op1-1763181980654-0.4586344235158344",
      "strategyId": "op1",
      "asset": "ETH-USDC-OPTIONS",
      "side": "sell",
      "amount": 11130.6190509136,
      "price": 3197.6249441055907,
      "timestamp": "2024-04-22T00:00:00.000Z"
    },
    {
      "id": "vp1-1763181999612-0.05379740623238416",
      "strategyId": "vp1",
      "asset": "ETH",
      "side": "buy",
      "amount": 18518.992620192035,
      "price": 3223.608664402589,
      "timestamp": "2024-04-23T00:00:00.000Z"
    },
    {
      "id": "vp1-1763181999612-0.9117899863965996",
      "strategyId": "vp1",
      "asset": "USDC",
      "side": "buy",
      "amount": 18518.992620192035,
      "price": 3223.608664402589,
      "timestamp": "2024-04-23T00:00:00.000Z"
    },
    {
      "id": "op1-1763181999612-0.6028025021603356",
      "strategyId": "op1",
      "asset": "ETH-USDC-OPTIONS",
      "side": "sell",
      "amount": 11099.395572115222,
      "price": 3217.1678878503367,
      "timestamp": "2024-04-23T00:00:00.000Z"
    },
    {
      "id": "vp1-1763182018053-0.830149152261519",
      "strategyId": "vp1",
      "asset": "ETH",
      "side": "buy",
      "amount": 18466.3140982408,
      "price": 3141.400251445102,
      "timestamp": "2024-04-24T00:00:00.000Z"
    },
    {
      "id": "vp1-1763182018053-0.09009365580450157",
      "strategyId": "vp1",
      "asset": "USDC",
      "side": "buy",
      "amount": 18466.3140982408,
      "price": 3141.400251445102,
      "timestamp": "2024-04-24T00:00:00.000Z"
    },
    {
      "id": "op1-1763182018053-0.8366693120961936",
      "strategyId": "op1",
      "asset": "ETH-USDC-OPTIONS",
      "side": "sell",
      "amount": 11067.78845894448,
      "price": 3135.123727466191,
      "timestamp": "2024-04-24T00:00:00.000Z"
    },
    {
      "id": "vp1-1763182036359-0.7867670807394445",
      "strategyId": "vp1",
      "asset": "ETH",
      "side": "buy",
      "amount": 18417.510267767186,
      "price": 3160.333484525617,
      "timestamp": "2024-04-25T00:00:00.000Z"
    },
    {
      "id": "vp1-1763182036359-0.4815019433162788",
      "strategyId": "vp1",
      "asset": "USDC",
      "side": "buy",
      "amount": 18417.510267767186,
      "price": 3160.333484525617,
      "timestamp": "2024-04-25T00:00:00.000Z"
    },
    {
      "id": "op1-1763182036359-0.8474901944267446",
      "strategyId": "op1",
      "asset": "ETH-USDC-OPTIONS",
      "side": "sell",
      "amount": 11038.506160660312,
      "price": 3154.0191319091828,
      "timestamp": "2024-04-25T00:00:00.000Z"
    },
    {
      "id": "vp1-1763182055120-0.30281300991860605",
      "strategyId": "vp1",
      "asset": "ETH",
      "side": "buy",
      "amount": 18368.087930639693,
      "price": 3133.0436543754877,
      "timestamp": "2024-04-26T00:00:00.000Z"
    },
    {
      "id": "vp1-1763182055120-0.3766969571184917",
      "strategyId": "vp1",
      "asset": "USDC",
      "side": "buy",
      "amount": 18368.087930639693,
      "price": 3133.0436543754877,
      "timestamp": "2024-04-26T00:00:00.000Z"
    },
    {
      "id": "op1-1763182055121-0.9231197322042771",
      "strategyId": "op1",
      "asset": "ETH-USDC-OPTIONS",
      "side": "sell",
      "amount": 11008.852758383817,
      "price": 3126.7838268942182,
      "timestamp": "2024-04-26T00:00:00.000Z"
    },
    {
      "id": "vp1-1763182069947-0.3485470973357214",
      "strategyId": "vp1",
      "asset": "ETH",
      "side": "buy",
      "amount": 18320.0084513918,
      "price": 3255.0283041684684,
      "timestamp": "2024-04-27T00:00:00.000Z"
    },
    {
      "id": "vp1-1763182069947-0.16541638882957388",
      "strategyId": "vp1",
      "asset": "USDC",
      "side": "buy",
      "amount": 18320.0084513918,
      "price": 3255.0283041684684,
      "timestamp": "2024-04-27T00:00:00.000Z"
    },
    {
      "id": "op1-1763182069947-0.7673116617804667",
      "strategyId": "op1",
      "asset": "ETH-USDC-OPTIONS",
      "side": "sell",
      "amount": 10980.005070835081,
      "price": 3248.524751113187,
      "timestamp": "2024-04-27T00:00:00.000Z"
    },
    {
      "id": "vp1-1763182089301-0.4574213047722324",
      "strategyId": "vp1",
      "asset": "ETH",
      "side": "buy",
      "amount": 18266.87115754768,
      "price": 3266.0746093344146,
      "timestamp": "2024-04-28T00:00:00.000Z"
    },
    {
      "id": "vp1-1763182089301-0.7649303691040283",
      "strategyId": "vp1",
      "asset": "USDC",
      "side": "buy",
      "amount": 18266.87115754768,
      "price": 3266.0746093344146,
      "timestamp": "2024-04-28T00:00:00.000Z"
    },
    {
      "id": "op1-1763182089302-0.6576590996594727",
      "strategyId": "op1",
      "asset": "ETH-USDC-OPTIONS",
      "side": "sell",
      "amount": 10948.122694528609,
      "price": 3259.5489857393413,
      "timestamp": "2024-04-28T00:00:00.000Z"
    },
    {
      "id": "vp1-1763182106811-0.572637333837196",
      "strategyId": "vp1",
      "asset": "ETH",
      "side": "buy",
      "amount": 18213.536165637448,
      "price": 3218.198216396733,
      "timestamp": "2024-04-29T00:00:00.000Z"
    },
    {
      "id": "vp1-1763182106811-0.020749533413895516",
      "strategyId": "vp1",
      "asset": "USDC",
      "side": "buy",
      "amount": 18213.536165637448,
      "price": 3218.198216396733,
      "timestamp": "2024-04-29T00:00:00.000Z"
    },
    {
      "id": "op1-1763182106811-0.5641815615787447",
      "strategyId": "op1",
      "asset": "ETH-USDC-OPTIONS",
      "side": "sell",
      "amount": 10916.12169938247,
      "price": 3211.7682499304065,
      "timestamp": "2024-04-29T00:00:00.000Z"
    },
    {
      "id": "vp1-1763182123169-0.3809550415905657",
      "strategyId": "vp1",
      "asset": "ETH",
      "side": "buy",
      "amount": 18162.56650406199,
      "price": 3014.4254017759276,
      "timestamp": "2024-04-30T00:00:00.000Z"
    },
    {
      "id": "vp1-1763182123169-0.5193027960760299",
      "strategyId": "vp1",
      "asset": "USDC",
      "side": "buy",
      "amount": 18162.56650406199,
      "price": 3014.4254017759276,
      "timestamp": "2024-04-30T00:00:00.000Z"
    },
    {
      "id": "op1-1763182123169-0.16419722617400956",
      "strategyId": "op1",
      "asset": "ETH-USDC-OPTIONS",
      "side": "sell",
      "amount": 10885.539902437195,
      "price": 3008.4025738003515,
      "timestamp": "2024-04-30T00:00:00.000Z"
    },
    {
      "id": "vp1-1763182139579-0.3467069289658704",
      "strategyId": "vp1",
      "asset": "ETH",
      "side": "buy",
      "amount": 18119.789660974468,
      "price": 2972.740172156733,
      "timestamp": "2024-05-01T00:00:00.000Z"
    },
    {
      "id": "vp1-1763182139579-0.2316773635646252",
      "strategyId": "vp1",
      "asset": "USDC",
      "side": "buy",
      "amount": 18119.789660974468,
      "price": 2972.740172156733,
      "timestamp": "2024-05-01T00:00:00.000Z"
    },
    {
      "id": "op1-1763182139580-0.6186502047665",
      "strategyId": "op1",
      "asset": "ETH-USDC-OPTIONS",
      "side": "sell",
      "amount": 10859.873796584681,
      "price": 2966.8006313532237,
      "timestamp": "2024-05-01T00:00:00.000Z"
    },
    {
      "id": "vp1-1763182159855-0.7604532384806917",
      "strategyId": "vp1",
      "asset": "ETH",
      "side": "buy",
      "amount": 18078.556103710263,
      "price": 2990.952538303907,
      "timestamp": "2024-05-02T00:00:00.000Z"
    },
    {
      "id": "vp1-1763182159855-0.4897857892972043",
      "strategyId": "vp1",
      "asset": "USDC",
      "side": "buy",
      "amount": 18078.556103710263,
      "price": 2990.952538303907,
      "timestamp": "2024-05-02T00:00:00.000Z"
    },
    {
      "id": "op1-1763182159855-0.1257418533881397",
      "strategyId": "op1",
      "asset": "ETH-USDC-OPTIONS",
      "side": "sell",
      "amount": 10835.133662226159,
      "price": 2984.9766091564475,
      "timestamp": "2024-05-02T00:00:00.000Z"
    },
    {
      "id": "vp1-1763182177877-0.06254025773540905",
      "strategyId": "vp1",
      "asset": "ETH",
      "side": "buy",
      "amount": 18036.773953779106,
      "price": 3105.3832246522647,
      "timestamp": "2024-05-03T00:00:00.000Z"
    },
    {
      "id": "vp1-1763182177877-0.6141386078028168",
      "strategyId": "vp1",
      "asset": "USDC",
      "side": "buy",
      "amount": 18036.773953779106,
      "price": 3105.3832246522647,
      "timestamp": "2024-05-03T00:00:00.000Z"
    },
    {
      "id": "op1-1763182177877-0.2589850236240129",
      "strategyId": "op1",
      "asset": "ETH-USDC-OPTIONS",
      "side": "sell",
      "amount": 10810.064372267465,
      "price": 3099.178662764848,
      "timestamp": "2024-05-03T00:00:00.000Z"
    },
    {
      "id": "vp1-1763182193033-0.361545603093944",
      "strategyId": "vp1",
      "asset": "ETH",
      "side": "buy",
      "amount": 17990.937921689794,
      "price": 3119.190384885218,
      "timestamp": "2024-05-04T00:00:00.000Z"
    },
    {
      "id": "vp1-1763182193033-0.6327931532085412",
      "strategyId": "vp1",
      "asset": "USDC",
      "side": "buy",
      "amount": 17990.937921689794,
      "price": 3119.190384885218,
      "timestamp": "2024-05-04T00:00:00.000Z"
    },
    {
      "id": "op1-1763182193033-0.3483194869843118",
      "strategyId": "op1",
      "asset": "ETH-USDC-OPTIONS",
      "side": "sell",
      "amount": 10782.562753013877,
      "price": 3112.958236264069,
      "timestamp": "2024-05-04T00:00:00.000Z"
    },
    {
      "id": "vp1-1763182211158-0.9568401230362328",
      "strategyId": "vp1",
      "asset": "ETH",
      "side": "buy",
      "amount": 17944.72217460893,
      "price": 3141.0910084648594,
      "timestamp": "2024-05-05T00:00:00.000Z"
    },
    {
      "id": "vp1-1763182211158-0.7704065041216926",
      "strategyId": "vp1",
      "asset": "USDC",
      "side": "buy",
      "amount": 17944.72217460893,
      "price": 3141.0910084648594,
      "timestamp": "2024-05-05T00:00:00.000Z"
    },
    {
      "id": "op1-1763182211158-0.2667191592960242",
      "strategyId": "op1",
      "asset": "ETH-USDC-OPTIONS",
      "side": "sell",
      "amount": 10754.833304765358,
      "price": 3134.815102354041,
      "timestamp": "2024-05-05T00:00:00.000Z"
    },
    {
      "id": "vp1-1763182230102-0.3840242478372021",
      "strategyId": "vp1",
      "asset": "ETH",
      "side": "buy",
      "amount": 17897.82613632734,
      "price": 3066.1487059176325,
      "timestamp": "2024-05-06T00:00:00.000Z"
    },
    {
      "id": "vp1-1763182230102-0.7535806168006669",
      "strategyId": "vp1",
      "asset": "USDC",
      "side": "buy",
      "amount": 17897.82613632734,
      "price": 3066.1487059176325,
      "timestamp": "2024-05-06T00:00:00.000Z"
    },
    {
      "id": "op1-1763182230102-0.7960192698259186",
      "strategyId": "op1",
      "asset": "ETH-USDC-OPTIONS",
      "side": "sell",
      "amount": 10726.695681796404,
      "price": 3060.022534677038,
      "timestamp": "2024-05-06T00:00:00.000Z"
    },
    {
      "id": "vp1-1763182248841-0.6932122355571518",
      "strategyId": "vp1",
      "asset": "ETH",
      "side": "buy",
      "amount": 17853.85507308926,
      "price": 3008.9412335109423,
      "timestamp": "2024-05-07T00:00:00.000Z"
    },
    {
      "id": "vp1-1763182248841-0.20512667820582486",
      "strategyId": "vp1",
      "asset": "USDC",
      "side": "buy",
      "amount": 17853.85507308926,
      "price": 3008.9412335109423,
      "timestamp": "2024-05-07T00:00:00.000Z"
    },
    {
      "id": "op1-1763182248842-0.8044772804625296",
      "strategyId": "op1",
      "asset": "ETH-USDC-OPTIONS",
      "side": "sell",
      "amount": 10700.313043853557,
      "price": 3002.9293629145172,
      "timestamp": "2024-05-07T00:00:00.000Z"
    },
    {
      "id": "vp1-1763182267990-0.7486276568734206",
      "strategyId": "vp1",
      "asset": "ETH",
      "side": "buy",
      "amount": 17811.97098870898,
      "price": 2976.706014978241,
      "timestamp": "2024-05-08T00:00:00.000Z"
    },
    {
      "id": "vp1-1763182267990-0.7311737768629923",
      "strategyId": "vp1",
      "asset": "USDC",
      "side": "buy",
      "amount": 17811.97098870898,
      "price": 2976.706014978241,
      "timestamp": "2024-05-08T00:00:00.000Z"
    },
    {
      "id": "op1-1763182267990-0.5342043705238592",
      "strategyId": "op1",
      "asset": "ETH-USDC-OPTIONS",
      "side": "sell",
      "amount": 10675.18259322539,
      "price": 2970.75855041285,
      "timestamp": "2024-05-08T00:00:00.000Z"
    },
    {
      "id": "vp1-1763182286524-0.40376406131628184",
      "strategyId": "vp1",
      "asset": "ETH",
      "side": "buy",
      "amount": 17771.228004234057,
      "price": 3040.029054537018,
      "timestamp": "2024-05-09T00:00:00.000Z"
    },
    {
      "id": "vp1-1763182286524-0.8841221359463545",
      "strategyId": "vp1",
      "asset": "USDC",
      "side": "buy",
      "amount": 17771.228004234057,
      "price": 3040.029054537018,
      "timestamp": "2024-05-09T00:00:00.000Z"
    },
    {
      "id": "op1-1763182286525-0.49113508675390904",
      "strategyId": "op1",
      "asset": "ETH-USDC-OPTIONS",
