{
  "metrics": {
    "totalReturn": 113.89053316932885,
    "sharpeRatio": 0.06265553347679576,
    "maxDrawdown": 0,
    "finalValue": 213890.53316932885
  },
  "trades": [
    {
      "id": "vp1-1763179158356-0.7685906274465409",
      "strategyId": "vp1",
      "asset": "ETH",
      "side": "buy",
      "amount": 20000,
      "price": 0.00023208959386179632,
      "timestamp": "2025-09-09T00:00:00.000Z"
    },
    {
      "id": "vp1-1763179158356-0.9418213927236749",
      "strategyId": "vp1",
      "asset": "USDC",
      "side": "buy",
      "amount": 20000,
      "price": 0.00023208959386179632,
      "timestamp": "2025-09-09T00:00:00.000Z"
    },
    {
      "id": "op1-1763179158356-0.4934046620450111",
      "strategyId": "op1",
      "asset": "ETH-USDC-OPTIONS",
      "side": "sell",
      "amount": 16798.885969949464,
      "price": 0.00023208959386179632,
      "timestamp": "2025-09-09T00:00:00.000Z"
    },
    {
      "id": "op1-1763179158795-0.8507864878512484",
      "strategyId": "op1",
      "asset": "ETH-USDC-OPTIONS",
      "side": "sell",
      "amount": 21847.319090005287,
      "price": 0.00022990363633636625,
      "timestamp": "2025-09-10T00:00:00.000Z"
    },
    {
      "id": "op1-1763179159102-0.20763439808289452",
      "strategyId": "op1",
      "asset": "ETH-USDC-OPTIONS",
      "side": "sell",
      "amount": 21856.094624286095,
      "price": 0.00022412706890293253,
      "timestamp": "2025-09-11T00:00:00.000Z"
    },
    {
      "id": "op1-1763179159510-0.6492957225180717",
      "strategyId": "op1",
      "asset": "ETH-USDC-OPTIONS",
      "side": "sell",
      "amount": 21864.878371792525,
      "price": 0.00021203920660890579,
      "timestamp": "2025-09-12T00:00:00.000Z"
    },
    {
      "id": "op1-1763179159921-0.39451109984905464",
      "strategyId": "op1",
      "asset": "ETH-USDC-OPTIONS",
      "side": "sell",
      "amount": 21873.670340548473,
      "price": 0.00021413093613781674,
      "timestamp": "2025-09-13T00:00:00.000Z"
    },
    {
      "id": "op1-1763179160331-0.3369227147311673",
      "strategyId": "op1",
      "asset": "ETH-USDC-OPTIONS",
      "side": "sell",
      "amount": 21882.470538585967,
      "price": 0.00021700856868257977,
      "timestamp": "2025-09-14T00:00:00.000Z"
    },
    {
      "id": "op1-1763179160740-0.029791499077531758",
      "strategyId": "op1",
      "asset": "ETH-USDC-OPTIONS",
      "side": "sell",
      "amount": 21891.27897394515,
      "price": 0.00022094548996588748,
      "timestamp": "2025-09-15T00:00:00.000Z"
    },
    {
      "id": "op1-1763179161047-0.12314025238229342",
      "strategyId": "op1",
      "asset": "ETH-USDC-OPTIONS",
      "side": "sell",
      "amount": 21900.095654674285,
      "price": 0.0002220682611228496,
      "timestamp": "2025-09-16T00:00:00.000Z"
    },
    {
      "id": "op1-1763179161415-0.630439844569946",
      "strategyId": "op1",
      "asset": "ETH-USDC-OPTIONS",
      "side": "sell",
      "amount": 21908.920588829787,
      "price": 0.0002177375036919876,
      "timestamp": "2025-09-17T00:00:00.000Z"
    },
    {
      "id": "op1-1763179161866-0.26261579889985354",
      "strategyId": "op1",
      "asset": "ETH-USDC-OPTIONS",
      "side": "sell",
      "amount": 21917.753784476212,
      "price": 0.00021783944112362266,
      "timestamp": "2025-09-18T00:00:00.000Z"
    },
    {
      "id": "op1-1763179162277-0.07940661444038954",
      "strategyId": "op1",
      "asset": "ETH-USDC-OPTIONS",
      "side": "sell",
      "amount": 21926.595249686274,
      "price": 0.00022366165132929383,
      "timestamp": "2025-09-19T00:00:00.000Z"
    },
    {
      "id": "op1-1763179162642-0.09265926518420387",
      "strategyId": "op1",
      "asset": "ETH-USDC-OPTIONS",
      "side": "sell",
      "amount": 21935.44499254085,
      "price": 0.00022304511024180467,
      "timestamp": "2025-09-20T00:00:00.000Z"
    },
    {
      "id": "op1-1763179163110-0.027005197950818016",
      "strategyId": "op1",
      "asset": "ETH-USDC-OPTIONS",
      "side": "sell",
      "amount": 21944.303021128988,
      "price": 0.00022480584905181403,
      "timestamp": "2025-09-21T00:00:00.000Z"
    },
    {
      "id": "op1-1763179163503-0.5579584387724105",
      "strategyId": "op1",
      "asset": "ETH-USDC-OPTIONS",
      "side": "sell",
      "amount": 21953.169343547925,
      "price": 0.0002379024894606169,
      "timestamp": "2025-09-22T00:00:00.000Z"
    },
    {
      "id": "op1-1763179163915-0.1914659409014836",
      "strategyId": "op1",
      "asset": "ETH-USDC-OPTIONS",
      "side": "sell",
      "amount": 21962.04396790307,
      "price": 0.00024004204797349496,
      "timestamp": "2025-09-23T00:00:00.000Z"
    },
    {
      "id": "op1-1763179164323-0.21169072850300608",
      "strategyId": "op1",
      "asset": "ETH-USDC-OPTIONS",
      "side": "sell",
      "amount": 21970.926902308056,
      "price": 0.00024070497141207765,
      "timestamp": "2025-09-24T00:00:00.000Z"
    },
    {
      "id": "op1-1763179164734-0.8827128292973627",
      "strategyId": "op1",
      "asset": "ETH-USDC-OPTIONS",
      "side": "sell",
      "amount": 21979.81815488469,
      "price": 0.0002581749213852104,
      "timestamp": "2025-09-25T00:00:00.000Z"
    },
    {
      "id": "op1-1763179165143-0.1656891096551545",
      "strategyId": "op1",
      "asset": "ETH-USDC-OPTIONS",
      "side": "sell",
      "amount": 21988.717733763035,
      "price": 0.00024781572636817874,
      "timestamp": "2025-09-26T00:00:00.000Z"
    },
    {
      "id": "op1-1763179165506-0.49839385786110746",
      "strategyId": "op1",
      "asset": "ETH-USDC-OPTIONS",
      "side": "sell",
      "amount": 21997.625647081335,
      "price": 0.0002487737538625768,
      "timestamp": "2025-09-27T00:00:00.000Z"
    },
    {
      "id": "op1-1763179165860-0.8667323031079759",
      "strategyId": "op1",
      "asset": "ETH-USDC-OPTIONS",
      "side": "sell",
      "amount": 22006.541902986097,
      "price": 0.00024116473732393887,
      "timestamp": "2025-09-28T00:00:00.000Z"
    },
    {
      "id": "op1-1763179166269-0.9522750758270307",
      "strategyId": "op1",
      "asset": "ETH-USDC-OPTIONS",
      "side": "sell",
      "amount": 22015.466509632057,
      "price": 0.0002370700003571221,
      "timestamp": "2025-09-29T00:00:00.000Z"
    },
    {
      "id": "op1-1763179166679-0.636118954489131",
      "strategyId": "op1",
      "asset": "ETH-USDC-OPTIONS",
      "side": "sell",
      "amount": 22024.399475182196,
      "price": 0.00024117441519231744,
      "timestamp": "2025-09-30T00:00:00.000Z"
    },
    {
      "id": "op1-1763179167191-0.6844377509107381",
      "strategyId": "op1",
      "asset": "ETH-USDC-OPTIONS",
      "side": "sell",
      "amount": 22033.340807807763,
      "price": 0.000230018701586894,
      "timestamp": "2025-10-01T00:00:00.000Z"
    },
    {
      "id": "op1-1763179167601-0.43449811769230695",
      "strategyId": "op1",
      "asset": "ETH-USDC-OPTIONS",
      "side": "sell",
      "amount": 22042.290515688263,
      "price": 0.00022287097812295783,
      "timestamp": "2025-10-02T00:00:00.000Z"
    },
    {
      "id": "op1-1763179168012-0.5660274405586813",
      "strategyId": "op1",
      "asset": "ETH-USDC-OPTIONS",
      "side": "sell",
      "amount": 22051.248607011486,
      "price": 0.0002214424685857134,
      "timestamp": "2025-10-03T00:00:00.000Z"
    },
    {
      "id": "op1-1763179168420-0.592378784193368",
      "strategyId": "op1",
      "asset": "ETH-USDC-OPTIONS",
      "side": "sell",
      "amount": 22060.2150899735,
      "price": 0.0002226952296224194,
      "timestamp": "2025-10-04T00:00:00.000Z"
    },
    {
      "id": "op1-1763179168727-0.14213980880285026",
      "strategyId": "op1",
      "asset": "ETH-USDC-OPTIONS",
      "side": "sell",
      "amount": 22069.18997277867,
      "price": 0.00022139805138147192,
      "timestamp": "2025-10-05T00:00:00.000Z"
    },
    {
      "id": "op1-1763179169065-0.6628449086366095",
      "strategyId": "op1",
      "asset": "ETH-USDC-OPTIONS",
      "side": "sell",
      "amount": 22078.17326363965,
      "price": 0.00021329799592046186,
      "timestamp": "2025-10-06T00:00:00.000Z"
    },
    {
      "id": "op1-1763179169444-0.7529466511080625",
      "strategyId": "op1",
      "asset": "ETH-USDC-OPTIONS",
      "side": "sell",
      "amount": 22087.16497077742,
      "price": 0.00022463820917816845,
      "timestamp": "2025-10-07T00:00:00.000Z"
    },
    {
      "id": "op1-1763179169751-0.7997068938721797",
      "strategyId": "op1",
      "asset": "ETH-USDC-OPTIONS",
      "side": "sell",
      "amount": 22096.165102421262,
      "price": 0.0002208562134405229,
      "timestamp": "2025-10-08T00:00:00.000Z"
    },
    {
      "id": "op1-1763179170161-0.9349391325970806",
      "strategyId": "op1",
      "asset": "ETH-USDC-OPTIONS",
      "side": "sell",
      "amount": 22105.173666808794,
      "price": 0.00022883400397750547,
      "timestamp": "2025-10-09T00:00:00.000Z"
    },
    {
      "id": "op1-1763179170571-0.36055499300159766",
      "strategyId": "op1",
      "asset": "ETH-USDC-OPTIONS",
      "side": "sell",
      "amount": 22114.190672185967,
      "price": 0.00026096002616130887,
      "timestamp": "2025-10-10T00:00:00.000Z"
    },
    {
      "id": "op1-1763179170980-0.9265324315713037",
      "strategyId": "op1",
      "asset": "ETH-USDC-OPTIONS",
      "side": "sell",
      "amount": 22123.216126807078,
      "price": 0.0002666370385604113,
      "timestamp": "2025-10-11T00:00:00.000Z"
    },
    {
      "id": "op1-1763179171390-0.38250384507400803",
      "strategyId": "op1",
      "asset": "ETH-USDC-OPTIONS",
      "side": "sell",
      "amount": 22132.250038934777,
      "price": 0.00024050319516829435,
      "timestamp": "2025-10-12T00:00:00.000Z"
    },
    {
      "id": "op1-1763179171799-0.8321412028118249",
      "strategyId": "op1",
      "asset": "ETH-USDC-OPTIONS",
      "side": "sell",
      "amount": 22141.29241684007,
      "price": 0.00023558061450675897,
      "timestamp": "2025-10-13T00:00:00.000Z"
    },
    {
      "id": "op1-1763179172197-0.22384113708003128",
      "strategyId": "op1",
      "asset": "ETH-USDC-OPTIONS",
      "side": "sell",
      "amount": 22150.34326880234,
      "price": 0.00024243109245212303,
      "timestamp": "2025-10-14T00:00:00.000Z"
    },
    {
      "id": "op1-1763179172619-0.9359731691967391",
      "strategyId": "op1",
      "asset": "ETH-USDC-OPTIONS",
      "side": "sell",
      "amount": 22159.402603109338,
      "price": 0.0002507959526202577,
      "timestamp": "2025-10-15T00:00:00.000Z"
    },
    {
      "id": "op1-1763179172931-0.5815625499080055",
      "strategyId": "op1",
      "asset": "ETH-USDC-OPTIONS",
      "side": "sell",
      "amount": 22168.47042805721,
      "price": 0.00025671206662428284,
      "timestamp": "2025-10-16T00:00:00.000Z"
    },
    {
      "id": "op1-1763179173438-0.6802146236151336",
      "strategyId": "op1",
      "asset": "ETH-USDC-OPTIONS",
      "side": "sell",
      "amount": 22177.546751950504,
      "price": 0.00026084673945067204,
      "timestamp": "2025-10-17T00:00:00.000Z"
    },
    {
      "id": "op1-1763179173847-0.10011173942474816",
      "strategyId": "op1",
      "asset": "ETH-USDC-OPTIONS",
      "side": "sell",
      "amount": 22186.631583102164,
      "price": 0.0002570322962235002,
      "timestamp": "2025-10-18T00:00:00.000Z"
    },
    {
      "id": "op1-1763179174257-0.3118910753877049",
      "strategyId": "op1",
      "asset": "ETH-USDC-OPTIONS",
      "side": "sell",
      "amount": 22195.724929833545,
      "price": 0.00025099510844358626,
      "timestamp": "2025-10-19T00:00:00.000Z"
    },
    {
      "id": "op1-1763179174666-0.6442784008536185",
      "strategyId": "op1",
      "asset": "ETH-USDC-OPTIONS",
      "side": "sell",
      "amount": 22204.826800474435,
      "price": 0.00025118263167433065,
      "timestamp": "2025-10-20T00:00:00.000Z"
    },
    {
      "id": "op1-1763179175088-0.31899055587987",
      "strategyId": "op1",
      "asset": "ETH-USDC-OPTIONS",
      "side": "sell",
      "amount": 22213.937203363046,
      "price": 0.00025810524944299145,
      "timestamp": "2025-10-21T00:00:00.000Z"
    },
    {
      "id": "op1-1763179175431-0.05183076486456051",
      "strategyId": "op1",
      "asset": "ETH-USDC-OPTIONS",
      "side": "sell",
      "amount": 22223.056146846022,
      "price": 0.0002626847673403807,
      "timestamp": "2025-10-22T00:00:00.000Z"
    },
    {
      "id": "op1-1763179175720-0.8097428770979308",
      "strategyId": "op1",
      "asset": "ETH-USDC-OPTIONS",
      "side": "sell",
      "amount": 22232.183639278475,
      "price": 0.00025936104735398873,
      "timestamp": "2025-10-23T00:00:00.000Z"
    },
    {
      "id": "op1-1763179176100-0.6729554451470053",
      "strategyId": "op1",
      "asset": "ETH-USDC-OPTIONS",
      "side": "sell",
      "amount": 22241.319689023963,
      "price": 0.0002541173246104676,
      "timestamp": "2025-10-24T00:00:00.000Z"
    },
    {
      "id": "op1-1763179176488-0.07437711210480347",
      "strategyId": "op1",
      "asset": "ETH-USDC-OPTIONS",
      "side": "sell",
      "amount": 22250.4643044545,
      "price": 0.0002528719942907523,
      "timestamp": "2025-10-25T00:00:00.000Z"
    },
    {
      "id": "op1-1763179176817-0.4935673182310162",
      "strategyId": "op1",
      "asset": "ETH-USDC-OPTIONS",
      "side": "sell",
      "amount": 22259.61749395059,
      "price": 0.0002404868724379853,
      "timestamp": "2025-10-26T00:00:00.000Z"
    },
    {
      "id": "op1-1763179177227-0.7483300952057195",
      "strategyId": "op1",
      "asset": "ETH-USDC-OPTIONS",
      "side": "sell",
      "amount": 22268.779265901227,
      "price": 0.00024270581860926074,
      "timestamp": "2025-10-27T00:00:00.000Z"
    },
    {
      "id": "op1-1763179177541-0.9773788731490824",
      "strategyId": "op1",
      "asset": "ETH-USDC-OPTIONS",
      "side": "sell",
      "amount": 22277.94962870387,
      "price": 0.0002511072467387691,
      "timestamp": "2025-10-28T00:00:00.000Z"
    },
    {
      "id": "op1-1763179177941-0.26594758112703143",
      "strategyId": "op1",
      "asset": "ETH-USDC-OPTIONS",
      "side": "sell",
      "amount": 22287.12859076451,
      "price": 0.00025621493959913764,
      "timestamp": "2025-10-29T00:00:00.000Z"
    },
    {
      "id": "op1-1763179178306-0.17094094580206132",
      "strategyId": "op1",
      "asset": "ETH-USDC-OPTIONS",
      "side": "sell",
      "amount": 22296.31616049762,
      "price": 0.0002629512630097388,
      "timestamp": "2025-10-30T00:00:00.000Z"
    },
    {
      "id": "op1-1763179178598-0.12134235388578074",
      "strategyId": "op1",
      "asset": "ETH-USDC-OPTIONS",
      "side": "sell",
      "amount": 22305.51234632622,
      "price": 0.00025992319990351097,
      "timestamp": "2025-10-31T00:00:00.000Z"
    },
    {
      "id": "op1-1763179178959-0.9211900080581621",
      "strategyId": "op1",
      "asset": "ETH-USDC-OPTIONS",
      "side": "sell",
      "amount": 22314.71715668183,
      "price": 0.000258151339100794,
      "timestamp": "2025-11-01T00:00:00.000Z"
    },
    {
      "id": "op1-1763179179323-0.287118642248405",
      "strategyId": "op1",
      "asset": "ETH-USDC-OPTIONS",
      "side": "sell",
      "amount": 22323.930600004533,
      "price": 0.0002559030738878626,
      "timestamp": "2025-11-02T00:00:00.000Z"
    },
    {
      "id": "op1-1763179179684-0.22557158578432834",
      "strategyId": "op1",
      "asset": "ETH-USDC-OPTIONS",
      "side": "sell",
      "amount": 22333.152684742934,
      "price": 0.000277581916402977,
      "timestamp": "2025-11-03T00:00:00.000Z"
    },
    {
      "id": "op1-1763179180094-0.41614080719517976",
      "strategyId": "op1",
      "asset": "ETH-USDC-OPTIONS",
      "side": "sell",
      "amount": 22342.383419354213,
      "price": 0.0003039882439919542,
      "timestamp": "2025-11-04T00:00:00.000Z"
    },
    {
      "id": "op1-1763179180438-0.4481460012295937",
      "strategyId": "op1",
      "asset": "ETH-USDC-OPTIONS",
      "side": "sell",
      "amount": 22351.622812304093,
      "price": 0.0002920512370136298,
      "timestamp": "2025-11-05T00:00:00.000Z"
    },
    {
      "id": "op1-1763179180811-0.07293844717345899",
      "strategyId": "op1",
      "asset": "ETH-USDC-OPTIONS",
      "side": "sell",
      "amount": 22360.870872066884,
      "price": 0.0003018505960715023,
      "timestamp": "2025-11-06T00:00:00.000Z"
    },
    {
      "id": "op1-1763179181221-0.5888479904590987",
      "strategyId": "op1",
      "asset": "ETH-USDC-OPTIONS",
      "side": "sell",
      "amount": 22370.12760712548,
      "price": 0.0002911439173621431,
      "timestamp": "2025-11-07T00:00:00.000Z"
    },
    {
      "id": "op1-1763179181727-0.811049496613288",
      "strategyId": "op1",
      "asset": "ETH-USDC-OPTIONS",
      "side": "sell",
      "amount": 22379.39302597135,
      "price": 0.0002940676140467665,
      "timestamp": "2025-11-08T00:00:00.000Z"
    },
    {
      "id": "op1-1763179182084-0.08269110890500542",
      "strategyId": "op1",
      "asset": "ETH-USDC-OPTIONS",
      "side": "sell",
      "amount": 22388.667137104567,
      "price": 0.000278979538757608,
      "timestamp": "2025-11-09T00:00:00.000Z"
    },
    {
      "id": "op1-1763179182411-0.33548758648309673",
      "strategyId": "op1",
      "asset": "ETH-USDC-OPTIONS",
      "side": "sell",
      "amount": 22397.94994903382,
      "price": 0.00028023917738247345,
      "timestamp": "2025-11-10T00:00:00.000Z"
    },
    {
      "id": "op1-1763179182800-0.9269583834185153",
      "strategyId": "op1",
      "asset": "ETH-USDC-OPTIONS",
      "side": "sell",
      "amount": 22407.241470276407,
      "price": 0.0002927949651332721,
      "timestamp": "2025-11-11T00:00:00.000Z"
    },
    {
      "id": "op1-1763179183074-0.6736745931449019",
      "strategyId": "op1",
      "asset": "ETH-USDC-OPTIONS",
      "side": "sell",
      "amount": 22416.541709358255,
      "price": 0.00029290674297559007,
      "timestamp": "2025-11-12T00:00:00.000Z"
    },
    {
      "id": "op1-1763179183432-0.8859583902938003",
      "strategyId": "op1",
      "asset": "ETH-USDC-OPTIONS",
      "side": "sell",
      "amount": 22425.850674813926,
      "price": 0.00030941991480909877,
      "timestamp": "2025-11-13T00:00:00.000Z"
    },
    {
      "id": "op1-1763179183882-0.5382947658478338",
      "strategyId": "op1",
      "asset": "ETH-USDC-OPTIONS",
      "side": "sell",
      "amount": 22435.168375186626,
      "price": 0.0003215968512491761,
      "timestamp": "2025-11-14T00:00:00.000Z"
    },
    {
      "id": "op1-1763179184188-0.8721820955486379",
      "strategyId": "op1",
      "asset": "ETH-USDC-OPTIONS",
      "side": "sell",
      "amount": 22444.494819028205,
      "price": 0.00031471515524028826,
      "timestamp": "2025-11-15T00:00:00.000Z"
    },
    {
      "id": "op1-1763179184967-0.9470163159521608",
      "strategyId": "op1",
      "asset": "ETH-USDC-OPTIONS",
      "side": "sell",
      "amount": 22453.83001489919,
      "price": 0.00026084673945067204,
      "timestamp": "2025-11-16T00:00:00.000Z"
    },
    {
      "id": "op1-1763179185828-0.6529945777770906",
      "strategyId": "op1",
      "asset": "ETH-USDC-OPTIONS",
      "side": "sell",
      "amount": 22463.17397136876,
      "price": 0.00026084673945067204,
      "timestamp": "2025-11-17T00:00:00.000Z"
    },
    {
      "id": "op1-1763179186647-0.24128632643592607",
      "strategyId": "op1",
      "asset": "ETH-USDC-OPTIONS",
      "side": "sell",
      "amount": 22472.526697014793,
      "price": 0.00026084673945067204,
      "timestamp": "2025-11-18T00:00:00.000Z"
    },
    {
      "id": "op1-1763179187364-0.6688187354478633",
      "strategyId": "op1",
      "asset": "ETH-USDC-OPTIONS",
      "side": "sell",
      "amount": 22481.888200423848,
      "price": 0.00026084673945067204,
      "timestamp": "2025-11-19T00:00:00.000Z"
    },
    {
      "id": "op1-1763179188183-0.4522549981301449",
      "strategyId": "op1",
      "asset": "ETH-USDC-OPTIONS",
      "side": "sell",
      "amount": 22491.258490191172,
      "price": 0.00026084673945067204,
      "timestamp": "2025-11-20T00:00:00.000Z"
    },
    {
      "id": "op1-1763179188900-0.30949146663618077",
      "strategyId": "op1",
      "asset": "ETH-USDC-OPTIONS",
      "side": "sell",
      "amount": 22500.637574920725,
      "price": 0.00026084673945067204,
      "timestamp": "2025-11-21T00:00:00.000Z"
    },
    {
      "id": "op1-1763179189719-0.2951895554683289",
      "strategyId": "op1",
      "asset": "ETH-USDC-OPTIONS",
      "side": "sell",
      "amount": 22510.025463225204,
      "price": 0.00026084673945067204,
      "timestamp": "2025-11-22T00:00:00.000Z"
    },
    {
      "id": "op1-1763179190538-0.9215928238242863",
      "strategyId": "op1",
      "asset": "ETH-USDC-OPTIONS",
      "side": "sell",
      "amount": 22519.422163725987,
      "price": 0.00026084673945067204,
      "timestamp": "2025-11-23T00:00:00.000Z"
    },
    {
      "id": "op1-1763179191431-0.6599006692760777",
      "strategyId": "op1",
      "asset": "ETH-USDC-OPTIONS",
      "side": "sell",
      "amount": 22528.827685053224,
      "price": 0.00026084673945067204,
      "timestamp": "2025-11-24T00:00:00.000Z"
    },
    {
      "id": "op1-1763179192177-0.32415521981822526",
      "strategyId": "op1",
      "asset": "ETH-USDC-OPTIONS",
      "side": "sell",
      "amount": 22538.242035845793,
      "price": 0.00026084673945067204,
      "timestamp": "2025-11-25T00:00:00.000Z"
    },
    {
      "id": "op1-1763179192996-0.23671672053317128",
      "strategyId": "op1",
      "asset": "ETH-USDC-OPTIONS",
      "side": "sell",
      "amount": 22547.665224751327,
      "price": 0.00026084673945067204,
      "timestamp": "2025-11-26T00:00:00.000Z"
    },
    {
      "id": "op1-1763179193815-0.24002400928407186",
      "strategyId": "op1",
      "asset": "ETH-USDC-OPTIONS",
      "side": "sell",
      "amount": 22557.097260426213,
      "price": 0.00026084673945067204,
      "timestamp": "2025-11-27T00:00:00.000Z"
    },
    {
      "id": "op1-1763179194503-0.9393510751288985",
      "strategyId": "op1",
      "asset": "ETH-USDC-OPTIONS",
      "side": "sell",
      "amount": 22566.538151535617,
      "price": 0.00026084673945067204,
      "timestamp": "2025-11-28T00:00:00.000Z"
    },
    {
      "id": "op1-1763179195351-0.3664345223327875",
      "strategyId": "op1",
      "asset": "ETH-USDC-OPTIONS",
      "side": "sell",
      "amount": 22575.987906753482,
      "price": 0.00026084673945067204,
      "timestamp": "2025-11-29T00:00:00.000Z"
    },
    {
      "id": "op1-1763179196068-0.43420979502822044",
      "strategyId": "op1",
      "asset": "ETH-USDC-OPTIONS",
      "side": "sell",
      "amount": 22585.44653476254,
      "price": 0.00026084673945067204,
      "timestamp": "2025-11-30T00:00:00.000Z"
    },
    {
      "id": "op1-1763179196887-0.025077844295776974",
      "strategyId": "op1",
      "asset": "ETH-USDC-OPTIONS",
      "side": "sell",
      "amount": 22594.914044254314,
      "price": 0.00026084673945067204,
      "timestamp": "2025-12-01T00:00:00.000Z"
    },
    {
      "id": "op1-1763179197552-0.34246495315189796",
      "strategyId": "op1",
      "asset": "ETH-USDC-OPTIONS",
      "side": "sell",
      "amount": 22604.390443929144,
      "price": 0.00026084673945067204,
      "timestamp": "2025-12-02T00:00:00.000Z"
    },
    {
      "id": "op1-1763179198308-0.8079053904266676",
      "strategyId": "op1",
      "asset": "ETH-USDC-OPTIONS",
      "side": "sell",
      "amount": 22613.87574249618,
      "price": 0.00026084673945067204,
      "timestamp": "2025-12-03T00:00:00.000Z"
    },
    {
      "id": "op1-1763179199071-0.6482911391923359",
      "strategyId": "op1",
      "asset": "ETH-USDC-OPTIONS",
      "side": "sell",
      "amount": 22623.369948673397,
      "price": 0.00026084673945067204,
      "timestamp": "2025-12-04T00:00:00.000Z"
    },
    {
      "id": "op1-1763179199702-0.14420322319755297",
      "strategyId": "op1",
      "asset": "ETH-USDC-OPTIONS",
      "side": "sell",
      "amount": 22632.873071187605,
      "price": 0.00026084673945067204,
      "timestamp": "2025-12-05T00:00:00.000Z"
    },
    {
      "id": "op1-1763179200532-0.4325190706390013",
      "strategyId": "op1",
      "asset": "ETH-USDC-OPTIONS",
      "side": "sell",
      "amount": 22642.38511877446,
      "price": 0.00026084673945067204,
      "timestamp": "2025-12-06T00:00:00.000Z"
    },
    {
      "id": "op1-1763179201597-0.8595789179060586",
      "strategyId": "op1",
      "asset": "ETH-USDC-OPTIONS",
      "side": "sell",
      "amount": 22651.906100178458,
      "price": 0.00026084673945067204,
      "timestamp": "2025-12-07T00:00:00.000Z"
    },
    {
      "id": "op1-1763179202314-0.034115401124587",
      "strategyId": "op1",
      "asset": "ETH-USDC-OPTIONS",
      "side": "sell",
      "amount": 22661.43602415298,
      "price": 0.00026084673945067204,
      "timestamp": "2025-12-08T00:00:00.000Z"
    },
    {
      "id": "op1-1763179203133-0.6523811163870966",
      "strategyId": "op1",
      "asset": "ETH-USDC-OPTIONS",
      "side": "sell",
      "amount": 22670.974899460263,
      "price": 0.00026084673945067204,
      "timestamp": "2025-12-09T00:00:00.000Z"
    },
    {
      "id": "op1-1763179203955-0.48760483572965363",
      "strategyId": "op1",
      "asset": "ETH-USDC-OPTIONS",
      "side": "sell",
      "amount": 22680.52273487142,
      "price": 0.00026084673945067204,
      "timestamp": "2025-12-10T00:00:00.000Z"
    },
    {
      "id": "op1-1763179204772-0.39047476283954385",
      "strategyId": "op1",
      "asset": "ETH-USDC-OPTIONS",
      "side": "sell",
      "amount": 22690.07953916647,
      "price": 0.00026084673945067204,
      "timestamp": "2025-12-11T00:00:00.000Z"
    },
    {
      "id": "op1-1763179205591-0.31945065356927493",
      "strategyId": "op1",
      "asset": "ETH-USDC-OPTIONS",
      "side": "sell",
      "amount": 22699.645321134303,
      "price": 0.00026084673945067204,
      "timestamp": "2025-12-12T00:00:00.000Z"
    },
    {
      "id": "op1-1763179206414-0.1727126976609047",
      "strategyId": "op1",
      "asset": "ETH-USDC-OPTIONS",
      "side": "sell",
      "amount": 22709.220089572755,
      "price": 0.00026084673945067204,
      "timestamp": "2025-12-13T00:00:00.000Z"
    },
    {
      "id": "op1-1763179207230-0.9531945632585579",
      "strategyId": "op1",
      "asset": "ETH-USDC-OPTIONS",
      "side": "sell",
      "amount": 22718.80385328854,
      "price": 0.00026084673945067204,
      "timestamp": "2025-12-14T00:00:00.000Z"
    },
    {
      "id": "op1-1763179207946-0.11909637148912477",
      "strategyId": "op1",
      "asset": "ETH-USDC-OPTIONS",
      "side": "sell",
      "amount": 22728.396621097334,
      "price": 0.00026084673945067204,
      "timestamp": "2025-12-15T00:00:00.000Z"
    },
    {
      "id": "op1-1763179208753-0.7524703940580788",
      "strategyId": "op1",
      "asset": "ETH-USDC-OPTIONS",
      "side": "sell",
      "amount": 22737.998401823723,
      "price": 0.00026084673945067204,
      "timestamp": "2025-12-16T00:00:00.000Z"
    },
    {
      "id": "op1-1763179209585-0.6661427562735612",
      "strategyId": "op1",
      "asset": "ETH-USDC-OPTIONS",
      "side": "sell",
      "amount": 22747.609204301243,
      "price": 0.00026084673945067204,
      "timestamp": "2025-12-17T00:00:00.000Z"
    },
    {
      "id": "op1-1763179210299-0.27031972217477473",
      "strategyId": "op1",
      "asset": "ETH-USDC-OPTIONS",
      "side": "sell",
      "amount": 22757.229037372395,
      "price": 0.00026084673945067204,
      "timestamp": "2025-12-18T00:00:00.000Z"
    },
    {
      "id": "op1-1763179211049-0.050160156295111835",
      "strategyId": "op1",
      "asset": "ETH-USDC-OPTIONS",
      "side": "sell",
      "amount": 22766.857909888633,
      "price": 0.00026084673945067204,
      "timestamp": "2025-12-19T00:00:00.000Z"
    },
    {
      "id": "op1-1763179211837-0.7759265374768095",
      "strategyId": "op1",
      "asset": "ETH-USDC-OPTIONS",
      "side": "sell",
      "amount": 22776.49583071039,
      "price": 0.00026084673945067204,
      "timestamp": "2025-12-20T00:00:00.000Z"
    },
    {
      "id": "op1-1763179212657-0.7942007785396741",
      "strategyId": "op1",
      "asset": "ETH-USDC-OPTIONS",
      "side": "sell",
      "amount": 22786.14280870708,
      "price": 0.00026084673945067204,
      "timestamp": "2025-12-21T00:00:00.000Z"
    },
    {
      "id": "op1-1763179213447-0.17711390584908016",
      "strategyId": "op1",
      "asset": "ETH-USDC-OPTIONS",
      "side": "sell",
      "amount": 22795.798852757107,
      "price": 0.00026084673945067204,
      "timestamp": "2025-12-22T00:00:00.000Z"
    },
    {
      "id": "op1-1763179214226-0.46626455399841693",
      "strategyId": "op1",
      "asset": "ETH-USDC-OPTIONS",
      "side": "sell",
      "amount": 22805.46397174787,
      "price": 0.00026084673945067204,
      "timestamp": "2025-12-23T00:00:00.000Z"
    },
    {
      "id": "op1-1763179215012-0.16182594904792758",
      "strategyId": "op1",
      "asset": "ETH-USDC-OPTIONS",
      "side": "sell",
      "amount": 22815.138174575797,
      "price": 0.00026084673945067204,
      "timestamp": "2025-12-24T00:00:00.000Z"
    },
    {
      "id": "op1-1763179215805-0.25298370372153234",
      "strategyId": "op1",
      "asset": "ETH-USDC-OPTIONS",
      "side": "sell",
      "amount": 22824.821470146322,
      "price": 0.00026084673945067204,
      "timestamp": "2025-12-25T00:00:00.000Z"
    },
    {
      "id": "op1-1763179216548-0.44283641546536623",
      "strategyId": "op1",
      "asset": "ETH-USDC-OPTIONS",
      "side": "sell",
      "amount": 22834.5138673739,
      "price": 0.00026084673945067204,
      "timestamp": "2025-12-26T00:00:00.000Z"
    },
    {
      "id": "op1-1763179217367-0.46217850214358913",
      "strategyId": "op1",
      "asset": "ETH-USDC-OPTIONS",
      "side": "sell",
      "amount": 22844.215375182037,
      "price": 0.00026084673945067204,
      "timestamp": "2025-12-27T00:00:00.000Z"
    },
    {
      "id": "op1-1763179218186-0.31543890749975056",
      "strategyId": "op1",
      "asset": "ETH-USDC-OPTIONS",
      "side": "sell",
      "amount": 22853.926002503296,
      "price": 0.00026084673945067204,
      "timestamp": "2025-12-28T00:00:00.000Z"
    },
    {
      "id": "op1-1763179218903-0.26749579744369867",
      "strategyId": "op1",
      "asset": "ETH-USDC-OPTIONS",
      "side": "sell",
      "amount": 22863.64575827927,
      "price": 0.00026084673945067204,
      "timestamp": "2025-12-29T00:00:00.000Z"
    },
    {
      "id": "op1-1763179219722-0.47242932594084397",
      "strategyId": "op1",
      "asset": "ETH-USDC-OPTIONS",
      "side": "sell",
      "amount": 22873.374651460643,
      "price": 0.00026084673945067204,
      "timestamp": "2025-12-30T00:00:00.000Z"
    },
    {
      "id": "op1-1763179220542-0.39217357008391895",
      "strategyId": "op1",
      "asset": "ETH-USDC-OPTIONS",
      "side": "sell",
      "amount": 22883.11269100716,
      "price": 0.00026084673945067204,
      "timestamp": "2025-12-31T00:00:00.000Z"
    },
    {
      "id": "op1-1763179221446-0.504283978393822",
      "strategyId": "op1",
      "asset": "ETH-USDC-OPTIONS",
      "side": "sell",
      "amount": 22892.859885887665,
      "price": 0.00026084673945067204,
      "timestamp": "2026-01-01T00:00:00.000Z"
    },
    {
      "id": "op1-1763179222591-0.04424440030986987",
      "strategyId": "op1",
      "asset": "ETH-USDC-OPTIONS",
      "side": "sell",
      "amount": 22902.616245080088,
      "price": 0.00026084673945067204,
      "timestamp": "2026-01-02T00:00:00.000Z"
    },
    {
      "id": "op1-1763179223306-0.06587381408831272",
      "strategyId": "op1",
      "asset": "ETH-USDC-OPTIONS",
      "side": "sell",
      "amount": 22912.38177757146,
      "price": 0.00026084673945067204,
      "timestamp": "2026-01-03T00:00:00.000Z"
    },
    {
      "id": "op1-1763179223954-0.38804953957465105",
      "strategyId": "op1",
      "asset": "ETH-USDC-OPTIONS",
      "side": "sell",
      "amount": 22922.15649235794,
      "price": 0.00026084673945067204,
      "timestamp": "2026-01-04T00:00:00.000Z"
    },
    {
      "id": "op1-1763179224740-0.6851622894989733",
      "strategyId": "op1",
      "asset": "ETH-USDC-OPTIONS",
      "side": "sell",
      "amount": 22931.94039844479,
      "price": 0.00026084673945067204,
      "timestamp": "2026-01-05T00:00:00.000Z"
    },
    {
      "id": "op1-1763179225559-0.5951878225598777",
      "strategyId": "op1",
      "asset": "ETH-USDC-OPTIONS",
      "side": "sell",
      "amount": 22941.733504846427,
      "price": 0.00026084673945067204,
      "timestamp": "2026-01-06T00:00:00.000Z"
    },
    {
      "id": "op1-1763179226378-0.6137653189495323",
      "strategyId": "op1",
      "asset": "ETH-USDC-OPTIONS",
      "side": "sell",
      "amount": 22951.535820586396,
      "price": 0.00026084673945067204,
      "timestamp": "2026-01-07T00:00:00.000Z"
    },
    {
      "id": "op1-1763179227300-0.34810416231058916",
      "strategyId": "op1",
      "asset": "ETH-USDC-OPTIONS",
      "side": "sell",
      "amount": 22961.347354697395,
      "price": 0.00026084673945067204,
      "timestamp": "2026-01-08T00:00:00.000Z"
    },
    {
      "id": "op1-1763179228119-0.9458749546435966",
      "strategyId": "op1",
      "asset": "ETH-USDC-OPTIONS",
      "side": "sell",
      "amount": 22971.168116221288,
      "price": 0.00026084673945067204,
      "timestamp": "2026-01-09T00:00:00.000Z"
    },
    {
      "id": "op1-1763179228938-0.4338123519983198",
      "strategyId": "op1",
      "asset": "ETH-USDC-OPTIONS",
      "side": "sell",
      "amount": 22980.998114209106,
      "price": 0.00026084673945067204,
      "timestamp": "2026-01-10T00:00:00.000Z"
    },
    {
      "id": "op1-1763179229720-0.9584396371911745",
      "strategyId": "op1",
      "asset": "ETH-USDC-OPTIONS",
      "side": "sell",
      "amount": 22990.83735772107,
      "price": 0.00026084673945067204,
      "timestamp": "2026-01-11T00:00:00.000Z"
    },
    {
      "id": "op1-1763179230372-0.30439410719298987",
      "strategyId": "op1",
      "asset": "ETH-USDC-OPTIONS",
      "side": "sell",
      "amount": 23000.685855826567,
      "price": 0.00026084673945067204,
      "timestamp": "2026-01-12T00:00:00.000Z"
    },
    {
      "id": "op1-1763179231191-0.8877148642272495",
      "strategyId": "op1",
      "asset": "ETH-USDC-OPTIONS",
      "side": "sell",
      "amount": 23010.543617604224,
      "price": 0.00026084673945067204,
      "timestamp": "2026-01-13T00:00:00.000Z"
    },
    {
      "id": "op1-1763179232011-0.3569583495918457",
      "strategyId": "op1",
      "asset": "ETH-USDC-OPTIONS",
      "side": "sell",
      "amount": 23020.41065214183,
      "price": 0.00026084673945067204,
      "timestamp": "2026-01-14T00:00:00.000Z"
    },
    {
      "id": "op1-1763179232845-0.9543216584405044",
      "strategyId": "op1",
      "asset": "ETH-USDC-OPTIONS",
      "side": "sell",
      "amount": 23030.286968536435,
      "price": 0.00026084673945067204,
      "timestamp": "2026-01-15T00:00:00.000Z"
    },
    {
      "id": "op1-1763179233626-0.9996097464059571",
      "strategyId": "op1",
      "asset": "ETH-USDC-OPTIONS",
      "side": "sell",
      "amount": 23040.17257589428,
      "price": 0.00026084673945067204,
      "timestamp": "2026-01-16T00:00:00.000Z"
    },
    {
      "id": "op1-1763179234368-0.9830677434844559",
      "strategyId": "op1",
      "asset": "ETH-USDC-OPTIONS",
      "side": "sell",
      "amount": 23050.067483330877,
      "price": 0.00026084673945067204,
      "timestamp": "2026-01-17T00:00:00.000Z"
    },
    {
      "id": "op1-1763179235188-0.7529563626985891",
      "strategyId": "op1",
      "asset": "ETH-USDC-OPTIONS",
      "side": "sell",
      "amount": 23059.971699970964,
      "price": 0.00026084673945067204,
      "timestamp": "2026-01-18T00:00:00.000Z"
    },
    {
      "id": "op1-1763179235902-0.8674799080342278",
      "strategyId": "op1",
      "asset": "ETH-USDC-OPTIONS",
      "side": "sell",
      "amount": 23069.885234948542,
      "price": 0.00026084673945067204,
      "timestamp": "2026-01-19T00:00:00.000Z"
    },
    {
      "id": "op1-1763179236736-0.8266240122306422",
      "strategyId": "op1",
      "asset": "ETH-USDC-OPTIONS",
      "side": "sell",
      "amount": 23079.80809740688,
      "price": 0.00026084673945067204,
      "timestamp": "2026-01-20T00:00:00.000Z"
    },
    {
      "id": "op1-1763179237642-0.42557828197502356",
      "strategyId": "op1",
      "asset": "ETH-USDC-OPTIONS",
      "side": "sell",
      "amount": 23089.740296498523,
      "price": 0.00026084673945067204,
      "timestamp": "2026-01-21T00:00:00.000Z"
    },
    {
      "id": "op1-1763179238359-0.022962776274081165",
      "strategyId": "op1",
      "asset": "ETH-USDC-OPTIONS",
      "side": "sell",
      "amount": 23099.681841385303,
      "price": 0.00026084673945067204,
      "timestamp": "2026-01-22T00:00:00.000Z"
    },
    {
      "id": "op1-1763179239178-0.7668364855289865",
      "strategyId": "op1",
      "asset": "ETH-USDC-OPTIONS",
      "side": "sell",
      "amount": 23109.632741238343,
      "price": 0.00026084673945067204,
      "timestamp": "2026-01-23T00:00:00.000Z"
    },
    {
      "id": "op1-1763179239998-0.1655402089512642",
      "strategyId": "op1",
      "asset": "ETH-USDC-OPTIONS",
      "side": "sell",
      "amount": 23119.593005238083,
      "price": 0.00026084673945067204,
      "timestamp": "2026-01-24T00:00:00.000Z"
    },
    {
      "id": "op1-1763179240817-0.9269491449873583",
      "strategyId": "op1",
      "asset": "ETH-USDC-OPTIONS",
      "side": "sell",
      "amount": 23129.562642574263,
      "price": 0.00026084673945067204,
      "timestamp": "2026-01-25T00:00:00.000Z"
    },
    {
      "id": "op1-1763179241636-0.6248749908335242",
      "strategyId": "op1",
      "asset": "ETH-USDC-OPTIONS",
      "side": "sell",
      "amount": 23139.54166244595,
      "price": 0.00026084673945067204,
      "timestamp": "2026-01-26T00:00:00.000Z"
    },
    {
      "id": "op1-1763179242558-0.45669222172493384",
      "strategyId": "op1",
      "asset": "ETH-USDC-OPTIONS",
      "side": "sell",
      "amount": 23149.530074061564,
      "price": 0.00026084673945067204,
      "timestamp": "2026-01-27T00:00:00.000Z"
    },
    {
      "id": "op1-1763179243377-0.5953867973097984",
      "strategyId": "op1",
      "asset": "ETH-USDC-OPTIONS",
      "side": "sell",
      "amount": 23159.52788663884,
      "price": 0.00026084673945067204,
      "timestamp": "2026-01-28T00:00:00.000Z"
    },
    {
      "id": "op1-1763179244196-0.27094193262480715",
      "strategyId": "op1",
      "asset": "ETH-USDC-OPTIONS",
      "side": "sell",
      "amount": 23169.535109404897,
      "price": 0.00026084673945067204,
      "timestamp": "2026-01-29T00:00:00.000Z"
    },
    {
      "id": "op1-1763179245015-0.5388549961012329",
      "strategyId": "op1",
      "asset": "ETH-USDC-OPTIONS",
      "side": "sell",
      "amount": 23179.55175159619,
      "price": 0.00026084673945067204,
      "timestamp": "2026-01-30T00:00:00.000Z"
    },
    {
      "id": "op1-1763179245835-0.6701685670966047",
      "strategyId": "op1",
      "asset": "ETH-USDC-OPTIONS",
      "side": "sell",
      "amount": 23189.577822458567,
      "price": 0.00026084673945067204,
      "timestamp": "2026-01-31T00:00:00.000Z"
    },
    {
      "id": "op1-1763179246654-0.8613377804340168",
      "strategyId": "op1",
      "asset": "ETH-USDC-OPTIONS",
      "side": "sell",
      "amount": 23199.613331247252,
      "price": 0.00026084673945067204,
      "timestamp": "2026-02-01T00:00:00.000Z"
    },
    {
      "id": "op1-1763179247447-0.33965124277860637",
      "strategyId": "op1",
      "asset": "ETH-USDC-OPTIONS",
      "side": "sell",
      "amount": 23209.65828722686,
      "price": 0.00026084673945067204,
      "timestamp": "2026-02-02T00:00:00.000Z"
    },
    {
      "id": "op1-1763179248292-0.5613880184330824",
      "strategyId": "op1",
      "asset": "ETH-USDC-OPTIONS",
      "side": "sell",
      "amount": 23219.712699671407,
      "price": 0.00026084673945067204,
      "timestamp": "2026-02-03T00:00:00.000Z"
    },
    {
      "id": "op1-1763179249048-0.6282814115168252",
      "strategyId": "op1",
      "asset": "ETH-USDC-OPTIONS",
      "side": "sell",
      "amount": 23229.776577864333,
      "price": 0.00026084673945067204,
      "timestamp": "2026-02-04T00:00:00.000Z"
    },
    {
      "id": "op1-1763179249828-0.06759300743213081",
      "strategyId": "op1",
      "asset": "ETH-USDC-OPTIONS",
      "side": "sell",
      "amount": 23239.84993109848,
      "price": 0.00026084673945067204,
      "timestamp": "2026-02-05T00:00:00.000Z"
    },
    {
      "id": "op1-1763179250641-0.6668417580307735",
      "strategyId": "op1",
      "asset": "ETH-USDC-OPTIONS",
      "side": "sell",
      "amount": 23249.932768676154,
      "price": 0.00026084673945067204,
      "timestamp": "2026-02-06T00:00:00.000Z"
    },
    {
      "id": "op1-1763179251567-0.18086762247350452",
      "strategyId": "op1",
      "asset": "ETH-USDC-OPTIONS",
      "side": "sell",
      "amount": 23260.025099909064,
      "price": 0.00026084673945067204,
      "timestamp": "2026-02-07T00:00:00.000Z"
    },
    {
      "id": "op1-1763179252388-0.27795598088993445",
      "strategyId": "op1",
      "asset": "ETH-USDC-OPTIONS",
      "side": "sell",
      "amount": 23270.126934118394,
      "price": 0.00026084673945067204,
      "timestamp": "2026-02-08T00:00:00.000Z"
    },
    {
      "id": "op1-1763179253207-0.29863704977838",
      "strategyId": "op1",
      "asset": "ETH-USDC-OPTIONS",
      "side": "sell",
      "amount": 23280.23828063479,
      "price": 0.00026084673945067204,
      "timestamp": "2026-02-09T00:00:00.000Z"
    },
    {
      "id": "op1-1763179253958-0.6493146034810817",
      "strategyId": "op1",
      "asset": "ETH-USDC-OPTIONS",
      "side": "sell",
      "amount": 23290.359148798358,
      "price": 0.00026084673945067204,
      "timestamp": "2026-02-10T00:00:00.000Z"
    },
    {
      "id": "op1-1763179254743-0.4237938552245528",
      "strategyId": "op1",
      "asset": "ETH-USDC-OPTIONS",
      "side": "sell",
      "amount": 23300.4895479587,
      "price": 0.00026084673945067204,
      "timestamp": "2026-02-11T00:00:00.000Z"
    },
    {
      "id": "op1-1763179255562-0.5427905622355945",
      "strategyId": "op1",
      "asset": "ETH-USDC-OPTIONS",
      "side": "sell",
      "amount": 23310.629487474893,
      "price": 0.00026084673945067204,
      "timestamp": "2026-02-12T00:00:00.000Z"
    },
    {
      "id": "op1-1763179256309-0.672251259241026",
      "strategyId": "op1",
      "asset": "ETH-USDC-OPTIONS",
      "side": "sell",
      "amount": 23320.778976715526,
      "price": 0.00026084673945067204,
      "timestamp": "2026-02-13T00:00:00.000Z"
    },
    {
      "id": "op1-1763179257099-0.8961703495724777",
      "strategyId": "op1",
      "asset": "ETH-USDC-OPTIONS",
      "side": "sell",
      "amount": 23330.938025058695,
      "price": 0.00026084673945067204,
      "timestamp": "2026-02-14T00:00:00.000Z"
    },
    {
      "id": "op1-1763179257918-0.19138174948877928",
      "strategyId": "op1",
      "asset": "ETH-USDC-OPTIONS",
      "side": "sell",
      "amount": 23341.106641892013,
      "price": 0.00026084673945067204,
      "timestamp": "2026-02-15T00:00:00.000Z"
    },
    {
      "id": "op1-1763179258737-0.7775995817603528",
      "strategyId": "op1",
      "asset": "ETH-USDC-OPTIONS",
      "side": "sell",
      "amount": 23351.284836612635,
      "price": 0.00026084673945067204,
      "timestamp": "2026-02-16T00:00:00.000Z"
    },
    {
      "id": "op1-1763179259554-0.3197615920603195",
      "strategyId": "op1",
      "asset": "ETH-USDC-OPTIONS",
      "side": "sell",
      "amount": 23361.47261862724,
      "price": 0.00026084673945067204,
      "timestamp": "2026-02-17T00:00:00.000Z"
    },
    {
      "id": "op1-1763179260273-0.2486123635579054",
      "strategyId": "op1",
      "asset": "ETH-USDC-OPTIONS",
      "side": "sell",
      "amount": 23371.669997352074,
      "price": 0.00026084673945067204,
      "timestamp": "2026-02-18T00:00:00.000Z"
    },
    {
      "id": "op1-1763179261076-0.2546565752999288",
      "strategyId": "op1",
      "asset": "ETH-USDC-OPTIONS",
      "side": "sell",
      "amount": 23381.87698221293,
      "price": 0.00026084673945067204,
      "timestamp": "2026-02-19T00:00:00.000Z"
    },
    {
      "id": "op1-1763179261911-0.3017001392584304",
      "strategyId": "op1",
      "asset": "ETH-USDC-OPTIONS",
      "side": "sell",
      "amount": 23392.09358264518,
      "price": 0.00026084673945067204,
      "timestamp": "2026-02-20T00:00:00.000Z"
    },
    {
      "id": "op1-1763179262848-0.7410475843214023",
      "strategyId": "op1",
      "asset": "ETH-USDC-OPTIONS",
      "side": "sell",
      "amount": 23402.319808093776,
      "price": 0.00026084673945067204,
      "timestamp": "2026-02-21T00:00:00.000Z"
    },
    {
      "id": "op1-1763179263755-0.7160303926881388",
      "strategyId": "op1",
      "asset": "ETH-USDC-OPTIONS",
      "side": "sell",
      "amount": 23412.555668013254,
      "price": 0.00026084673945067204,
      "timestamp": "2026-02-22T00:00:00.000Z"
    },
    {
      "id": "op1-1763179264574-0.9015433696095086",
      "strategyId": "op1",
      "asset": "ETH-USDC-OPTIONS",
      "side": "sell",
      "amount": 23422.801171867755,
      "price": 0.00026084673945067204,
      "timestamp": "2026-02-23T00:00:00.000Z"
    },
    {
      "id": "op1-1763179265478-0.8350555320509204",
      "strategyId": "op1",
      "asset": "ETH-USDC-OPTIONS",
      "side": "sell",
      "amount": 23433.056329131025,
      "price": 0.00026084673945067204,
      "timestamp": "2026-02-24T00:00:00.000Z"
    },
    {
      "id": "op1-1763179266315-0.2291132256696886",
      "strategyId": "op1",
      "asset": "ETH-USDC-OPTIONS",
      "side": "sell",
      "amount": 23443.321149286447,
      "price": 0.00026084673945067204,
      "timestamp": "2026-02-25T00:00:00.000Z"
    },
    {
      "id": "op1-1763179267134-0.3092535288493813",
      "strategyId": "op1",
      "asset": "ETH-USDC-OPTIONS",
      "side": "sell",
      "amount": 23453.595641827007,
      "price": 0.00026084673945067204,
      "timestamp": "2026-02-26T00:00:00.000Z"
    },
    {
      "id": "op1-1763179267851-0.920329286758024",
      "strategyId": "op1",
      "asset": "ETH-USDC-OPTIONS",
      "side": "sell",
      "amount": 23463.879816255354,
      "price": 0.00026084673945067204,
      "timestamp": "2026-02-27T00:00:00.000Z"
    },
    {
      "id": "op1-1763179268665-0.8817596757050735",
      "strategyId": "op1",
      "asset": "ETH-USDC-OPTIONS",
      "side": "sell",
      "amount": 23474.173682083772,
      "price": 0.00026084673945067204,
      "timestamp": "2026-02-28T00:00:00.000Z"
    },
    {
      "id": "op1-1763179269446-0.5436584358331346",
      "strategyId": "op1",
      "asset": "ETH-USDC-OPTIONS",
      "side": "sell",
      "amount": 23484.47724883422,
      "price": 0.00026084673945067204,
      "timestamp": "2026-03-01T00:00:00.000Z"
    },
    {
      "id": "op1-1763179270308-0.5892983657727704",
      "strategyId": "op1",
      "asset": "ETH-USDC-OPTIONS",
      "side": "sell",
      "amount": 23494.79052603832,
      "price": 0.00026084673945067204,
      "timestamp": "2026-03-02T00:00:00.000Z"
    },
    {
      "id": "op1-1763179270992-0.6397819212757223",
      "strategyId": "op1",
      "asset": "ETH-USDC-OPTIONS",
      "side": "sell",
      "amount": 23505.113523237374,
      "price": 0.00026084673945067204,
      "timestamp": "2026-03-03T00:00:00.000Z"
    },
    {
      "id": "op1-1763179271641-0.23567951156583578",
      "strategyId": "op1",
      "asset": "ETH-USDC-OPTIONS",
      "side": "sell",
      "amount": 23515.44624998237,
      "price": 0.00026084673945067204,
      "timestamp": "2026-03-04T00:00:00.000Z"
    },
    {
      "id": "op1-1763179272356-0.48037837697414",
      "strategyId": "op1",
      "asset": "ETH-USDC-OPTIONS",
      "side": "sell",
      "amount": 23525.788715834,
      "price": 0.00026084673945067204,
      "timestamp": "2026-03-05T00:00:00.000Z"
    },
    {
      "id": "op1-1763179273175-0.6897878601350945",
      "strategyId": "op1",
      "asset": "ETH-USDC-OPTIONS",
      "side": "sell",
      "amount": 23536.14093036268,
      "price": 0.00026084673945067204,
      "timestamp": "2026-03-06T00:00:00.000Z"
    },
    {
      "id": "op1-1763179273955-0.0471815795091195",
      "strategyId": "op1",
      "asset": "ETH-USDC-OPTIONS",
      "side": "sell",
      "amount": 23546.50290314852,
      "price": 0.00026084673945067204,
      "timestamp": "2026-03-07T00:00:00.000Z"
    },
    {
      "id": "op1-1763179275019-0.3483812686429666",
      "strategyId": "op1",
      "asset": "ETH-USDC-OPTIONS",
      "side": "sell",
      "amount": 23556.87464378139,
      "price": 0.00026084673945067204,
      "timestamp": "2026-03-08T00:00:00.000Z"
    },
    {
      "id": "op1-1763179275806-0.14352171939100467",
      "strategyId": "op1",
      "asset": "ETH-USDC-OPTIONS",
      "side": "sell",
      "amount": 23567.256161860878,
      "price": 0.00026084673945067204,
      "timestamp": "2026-03-09T00:00:00.000Z"
    },
    {
      "id": "op1-1763179276555-0.05214541442374121",
      "strategyId": "op1",
      "asset": "ETH-USDC-OPTIONS",
      "side": "sell",
      "amount": 23577.647466996335,
      "price": 0.00026084673945067204,
      "timestamp": "2026-03-10T00:00:00.000Z"
    },
    {
      "id": "op1-1763179277374-0.8695117195547163",
      "strategyId": "op1",
      "asset": "ETH-USDC-OPTIONS",
      "side": "sell",
      "amount": 23588.048568806873,
      "price": 0.00026084673945067204,
      "timestamp": "2026-03-11T00:00:00.000Z"
    },
    {
      "id": "op1-1763179278193-0.6545578782975396",
      "strategyId": "op1",
      "asset": "ETH-USDC-OPTIONS",
      "side": "sell",
      "amount": 23598.45947692137,
      "price": 0.00026084673945067204,
      "timestamp": "2026-03-12T00:00:00.000Z"
    },
    {
      "id": "op1-1763179278956-0.9533471525791746",
      "strategyId": "op1",
      "asset": "ETH-USDC-OPTIONS",
      "side": "sell",
      "amount": 23608.88020097849,
      "price": 0.00026084673945067204,
      "timestamp": "2026-03-13T00:00:00.000Z"
    },
    {
      "id": "op1-1763179279832-0.9247256215411247",
      "strategyId": "op1",
      "asset": "ETH-USDC-OPTIONS",
      "side": "sell",
      "amount": 23619.310750626686,
      "price": 0.00026084673945067204,
      "timestamp": "2026-03-14T00:00:00.000Z"
    },
    {
      "id": "op1-1763179280649-0.2587068502594909",
      "strategyId": "op1",
      "asset": "ETH-USDC-OPTIONS",
      "side": "sell",
      "amount": 23629.75113552422,
      "price": 0.00026084673945067204,
      "timestamp": "2026-03-15T00:00:00.000Z"
    },
    {
      "id": "op1-1763179281572-0.7094352371597571",
      "strategyId": "op1",
      "asset": "ETH-USDC-OPTIONS",
      "side": "sell",
      "amount": 23640.201365339155,
      "price": 0.00026084673945067204,
      "timestamp": "2026-03-16T00:00:00.000Z"
    },
    {
      "id": "op1-1763179282407-0.22819695519222372",
      "strategyId": "op1",
      "asset": "ETH-USDC-OPTIONS",
      "side": "sell",
      "amount": 23650.66144974939,
      "price": 0.00026084673945067204,
      "timestamp": "2026-03-17T00:00:00.000Z"
    },
    {
      "id": "op1-1763179283313-0.5005387377244959",
      "strategyId": "op1",
      "asset": "ETH-USDC-OPTIONS",
      "side": "sell",
      "amount": 23661.13139844264,
      "price": 0.00026084673945067204,
      "timestamp": "2026-03-18T00:00:00.000Z"
    },
    {
      "id": "op1-1763179283954-0.47482030541711084",
      "strategyId": "op1",
      "asset": "ETH-USDC-OPTIONS",
      "side": "sell",
      "amount": 23671.611221116484,
      "price": 0.00026084673945067204,
      "timestamp": "2026-03-19T00:00:00.000Z"
    },
    {
      "id": "op1-1763179284747-0.3662671616426666",
      "strategyId": "op1",
      "asset": "ETH-USDC-OPTIONS",
      "side": "sell",
      "amount": 23682.100927478332,
      "price": 0.00026084673945067204,
      "timestamp": "2026-03-20T00:00:00.000Z"
    },
    {
      "id": "op1-1763179285566-0.42237273251329",
      "strategyId": "op1",
      "asset": "ETH-USDC-OPTIONS",
      "side": "sell",
      "amount": 23692.600527245475,
      "price": 0.00026084673945067204,
      "timestamp": "2026-03-21T00:00:00.000Z"
    },
    {
      "id": "op1-1763179286385-0.3922658364911171",
      "strategyId": "op1",
      "asset": "ETH-USDC-OPTIONS",
      "side": "sell",
      "amount": 23703.110030145064,
      "price": 0.00026084673945067204,
      "timestamp": "2026-03-22T00:00:00.000Z"
    },
    {
      "id": "op1-1763179287205-0.2335196973524516",
      "strategyId": "op1",
      "asset": "ETH-USDC-OPTIONS",
      "side": "sell",
      "amount": 23713.62944591415,
      "price": 0.00026084673945067204,
      "timestamp": "2026-03-23T00:00:00.000Z"
    },
    {
      "id": "op1-1763179288024-0.5827131022251315",
      "strategyId": "op1",
      "asset": "ETH-USDC-OPTIONS",
      "side": "sell",
      "amount": 23724.158784299667,
      "price": 0.00026084673945067204,
      "timestamp": "2026-03-24T00:00:00.000Z"
    },
    {
      "id": "op1-1763179288843-0.17510491713011078",
      "strategyId": "op1",
      "asset": "ETH-USDC-OPTIONS",
      "side": "sell",
      "amount": 23734.698055058452,
      "price": 0.00026084673945067204,
      "timestamp": "2026-03-25T00:00:00.000Z"
    },
    {
      "id": "op1-1763179289662-0.4593991992959586",
      "strategyId": "op1",
      "asset": "ETH-USDC-OPTIONS",
      "side": "sell",
      "amount": 23745.24726795726,
      "price": 0.00026084673945067204,
      "timestamp": "2026-03-26T00:00:00.000Z"
    },
    {
      "id": "op1-1763179290481-0.1828129848081146",
      "strategyId": "op1",
      "asset": "ETH-USDC-OPTIONS",
      "side": "sell",
      "amount": 23755.806432772777,
      "price": 0.00026084673945067204,
      "timestamp": "2026-03-27T00:00:00.000Z"
    },
    {
      "id": "op1-1763179291300-0.08868328383712976",
      "strategyId": "op1",
      "asset": "ETH-USDC-OPTIONS",
      "side": "sell",
      "amount": 23766.375559291617,
      "price": 0.00026084673945067204,
      "timestamp": "2026-03-28T00:00:00.000Z"
    },
    {
      "id": "op1-1763179292056-0.6718679161289416",
      "strategyId": "op1",
      "asset": "ETH-USDC-OPTIONS",
      "side": "sell",
      "amount": 23776.954657310343,
      "price": 0.00026084673945067204,
      "timestamp": "2026-03-29T00:00:00.000Z"
    },
    {
      "id": "op1-1763179292836-0.13068480613704048",
      "strategyId": "op1",
      "asset": "ETH-USDC-OPTIONS",
      "side": "sell",
      "amount": 23787.54373663547,
      "price": 0.00026084673945067204,
      "timestamp": "2026-03-30T00:00:00.000Z"
    },
    {
      "id": "op1-1763179293656-0.19164463669014353",
      "strategyId": "op1",
      "asset": "ETH-USDC-OPTIONS",
      "side": "sell",
      "amount": 23798.14280708349,
      "price": 0.00026084673945067204,
      "timestamp": "2026-03-31T00:00:00.000Z"
    },
    {
      "id": "op1-1763179294476-0.09519207856938594",
      "strategyId": "op1",
      "asset": "ETH-USDC-OPTIONS",
      "side": "sell",
      "amount": 23808.751878480864,
      "price": 0.00026084673945067204,
      "timestamp": "2026-04-01T00:00:00.000Z"
    },
    {
      "id": "op1-1763179295294-0.950087410590445",
      "strategyId": "op1",
      "asset": "ETH-USDC-OPTIONS",
      "side": "sell",
      "amount": 23819.37096066404,
      "price": 0.00026084673945067204,
      "timestamp": "2026-04-02T00:00:00.000Z"
    },
    {
      "id": "op1-1763179295908-0.2774002162726208",
      "strategyId": "op1",
      "asset": "ETH-USDC-OPTIONS",
      "side": "sell",
      "amount": 23830.00006347947,
      "price": 0.00026084673945067204,
      "timestamp": "2026-04-03T00:00:00.000Z"
    },
    {
      "id": "op1-1763179296728-0.49052474352358955",
      "strategyId": "op1",
      "asset": "ETH-USDC-OPTIONS",
      "side": "sell",
      "amount": 23840.6391967836,
      "price": 0.00026084673945067204,
      "timestamp": "2026-04-04T00:00:00.000Z"
    },
    {
      "id": "op1-1763179297534-0.09701563523900236",
      "strategyId": "op1",
      "asset": "ETH-USDC-OPTIONS",
      "side": "sell",
      "amount": 23851.288370442915,
      "price": 0.00026084673945067204,
      "timestamp": "2026-04-05T00:00:00.000Z"
    },
    {
      "id": "op1-1763179298264-0.6374399393870575",
      "strategyId": "op1",
      "asset": "ETH-USDC-OPTIONS",
      "side": "sell",
      "amount": 23861.94759433392,
      "price": 0.00026084673945067204,
      "timestamp": "2026-04-06T00:00:00.000Z"
    },
    {
      "id": "op1-1763179299053-0.613627094280107",
      "strategyId": "op1",
      "asset": "ETH-USDC-OPTIONS",
      "side": "sell",
      "amount": 23872.61687834315,
      "price": 0.00026084673945067204,
      "timestamp": "2026-04-07T00:00:00.000Z"
    },
    {
      "id": "op1-1763179299902-0.8990268521582243",
      "strategyId": "op1",
      "asset": "ETH-USDC-OPTIONS",
      "side": "sell",
      "amount": 23883.296232367207,
      "price": 0.00026084673945067204,
      "timestamp": "2026-04-08T00:00:00.000Z"
    },
    {
      "id": "op1-1763179300721-0.6802876987919572",
      "strategyId": "op1",
      "asset": "ETH-USDC-OPTIONS",
      "side": "sell",
      "amount": 23893.98566631274,
      "price": 0.00026084673945067204,
      "timestamp": "2026-04-09T00:00:00.000Z"
    },
    {
      "id": "op1-1763179301541-0.4751661055007781",
      "strategyId": "op1",
      "asset": "ETH-USDC-OPTIONS",
      "side": "sell",
      "amount": 23904.68519009647,
      "price": 0.00026084673945067204,
      "timestamp": "2026-04-10T00:00:00.000Z"
    },
    {
      "id": "op1-1763179302360-0.11480376630883526",
      "strategyId": "op1",
      "asset": "ETH-USDC-OPTIONS",
      "side": "sell",
      "amount": 23915.394813645213,
      "price": 0.00026084673945067204,
      "timestamp": "2026-04-11T00:00:00.000Z"
    },
    {
      "id": "op1-1763179303179-0.49595273760732284",
      "strategyId": "op1",
      "asset": "ETH-USDC-OPTIONS",
      "side": "sell",
      "amount": 23926.114546895868,
      "price": 0.00026084673945067204,
      "timestamp": "2026-04-12T00:00:00.000Z"
    },
    {
      "id": "op1-1763179303965-0.971191359237844",
      "strategyId": "op1",
      "asset": "ETH-USDC-OPTIONS",
      "side": "sell",
      "amount": 23936.844399795424,
      "price": 0.00026084673945067204,
      "timestamp": "2026-04-13T00:00:00.000Z"
    },
    {
      "id": "op1-1763179304817-0.12088031722576331",
      "strategyId": "op1",
      "asset": "ETH-USDC-OPTIONS",
      "side": "sell",
      "amount": 23947.584382301,
      "price": 0.00026084673945067204,
      "timestamp": "2026-04-14T00:00:00.000Z"
    },
    {
      "id": "op1-1763179305485-0.7225411378712716",
      "strategyId": "op1",
      "asset": "ETH-USDC-OPTIONS",
      "side": "sell",
      "amount": 23958.33450437984,
      "price": 0.00026084673945067204,
      "timestamp": "2026-04-15T00:00:00.000Z"
    },
    {
      "id": "op1-1763179306251-0.0048373524171119175",
      "strategyId": "op1",
      "asset": "ETH-USDC-OPTIONS",
      "side": "sell",
      "amount": 23969.09477600931,
      "price": 0.00026084673945067204,
      "timestamp": "2026-04-16T00:00:00.000Z"
    },
    {
      "id": "op1-1763179307070-0.4041149461140682",
      "strategyId": "op1",
      "asset": "ETH-USDC-OPTIONS",
      "side": "sell",
      "amount": 23979.865207176925,
      "price": 0.00026084673945067204,
      "timestamp": "2026-04-17T00:00:00.000Z"
    },
    {
      "id": "op1-1763179307889-0.812832559627954",
      "strategyId": "op1",
      "asset": "ETH-USDC-OPTIONS",
      "side": "sell",
      "amount": 23990.645807880355,
      "price": 0.00026084673945067204,
      "timestamp": "2026-04-18T00:00:00.000Z"
    },
    {
      "id": "op1-1763179308708-0.06165691868452072",
      "strategyId": "op1",
      "asset": "ETH-USDC-OPTIONS",
      "side": "sell",
      "amount": 24001.436588127443,
      "price": 0.00026084673945067204,
      "timestamp": "2026-04-19T00:00:00.000Z"
    },
    {
      "id": "op1-1763179309382-0.5052472793231096",
      "strategyId": "op1",
      "asset": "ETH-USDC-OPTIONS",
      "side": "sell",
      "amount": 24012.237557936198,
      "price": 0.00026084673945067204,
      "timestamp": "2026-04-20T00:00:00.000Z"
    },
    {
      "id": "op1-1763179310245-0.20122977956783816",
      "strategyId": "op1",
      "asset": "ETH-USDC-OPTIONS",
      "side": "sell",
      "amount": 24023.048727334823,
      "price": 0.00026084673945067204,
      "timestamp": "2026-04-21T00:00:00.000Z"
    },
    {
      "id": "op1-1763179310984-0.1289106103726675",
      "strategyId": "op1",
      "asset": "ETH-USDC-OPTIONS",
      "side": "sell",
      "amount": 24033.870106361715,
      "price": 0.00026084673945067204,
      "timestamp": "2026-04-22T00:00:00.000Z"
    },
    {
      "id": "op1-1763179311883-0.6544065126302349",
      "strategyId": "op1",
      "asset": "ETH-USDC-OPTIONS",
      "side": "sell",
      "amount": 24044.701705065476,
      "price": 0.00026084673945067204,
      "timestamp": "2026-04-23T00:00:00.000Z"
    },
    {
      "id": "op1-1763179312702-0.8970044120891449",
      "strategyId": "op1",
      "asset": "ETH-USDC-OPTIONS",
      "side": "sell",
      "amount": 24055.54353350494,
      "price": 0.00026084673945067204,
      "timestamp": "2026-04-24T00:00:00.000Z"
    },
    {
      "id": "op1-1763179313477-0.46310308047571114",
      "strategyId": "op1",
      "asset": "ETH-USDC-OPTIONS",
      "side": "sell",
      "amount": 24066.395601749155,
      "price": 0.00026084673945067204,
      "timestamp": "2026-04-25T00:00:00.000Z"
    },
    {
      "id": "op1-1763179314134-0.9245874283923559",
      "strategyId": "op1",
      "asset": "ETH-USDC-OPTIONS",
      "side": "sell",
      "amount": 24077.257919877415,
      "price": 0.00026084673945067204,
      "timestamp": "2026-04-26T00:00:00.000Z"
    },
    {
      "id": "op1-1763179314953-0.5945807704885177",
      "strategyId": "op1",
      "asset": "ETH-USDC-OPTIONS",
      "side": "sell",
      "amount": 24088.130497979262,
      "price": 0.00026084673945067204,
      "timestamp": "2026-04-27T00:00:00.000Z"
    },
    {
      "id": "op1-1763179315774-0.9420166638147661",
      "strategyId": "op1",
      "asset": "ETH-USDC-OPTIONS",
      "side": "sell",
      "amount": 24099.01334615452,
      "price": 0.00026084673945067204,
      "timestamp": "2026-04-28T00:00:00.000Z"
    },
    {
      "id": "op1-1763179316593-0.19742505046489378",
      "strategyId": "op1",
      "asset": "ETH-USDC-OPTIONS",
      "side": "sell",
      "amount": 24109.90647451325,
      "price": 0.00026084673945067204,
      "timestamp": "2026-04-29T00:00:00.000Z"
    },
    {
      "id": "op1-1763179317413-0.6757542413473113",
      "strategyId": "op1",
      "asset": "ETH-USDC-OPTIONS",
      "side": "sell",
      "amount": 24120.809893175814,
      "price": 0.00026084673945067204,
      "timestamp": "2026-04-30T00:00:00.000Z"
    },
    {
      "id": "op1-1763179318232-0.2519457182125163",
      "strategyId": "op1",
      "asset": "ETH-USDC-OPTIONS",
      "side": "sell",
      "amount": 24131.72361227288,
      "price": 0.00026084673945067204,
      "timestamp": "2026-05-01T00:00:00.000Z"
    },
    {
      "id": "op1-1763179319054-0.22413442557638485",
      "strategyId": "op1",
      "asset": "ETH-USDC-OPTIONS",
      "side": "sell",
      "amount": 24142.647641945397,
      "price": 0.00026084673945067204,
      "timestamp": "2026-05-02T00:00:00.000Z"
    },
    {
      "id": "op1-1763179319768-0.1308638270114254",
      "strategyId": "op1",
      "asset": "ETH-USDC-OPTIONS",
      "side": "sell",
      "amount": 24153.581992344654,
      "price": 0.00026084673945067204,
      "timestamp": "2026-05-03T00:00:00.000Z"
    },
    {
      "id": "op1-1763179320587-0.03044046422732094",
      "strategyId": "op1",
      "asset": "ETH-USDC-OPTIONS",
      "side": "sell",
      "amount": 24164.526673632234,
      "price": 0.00026084673945067204,
      "timestamp": "2026-05-04T00:00:00.000Z"
    },
    {
      "id": "op1-1763179321358-0.07897748914085267",
      "strategyId": "op1",
      "asset": "ETH-USDC-OPTIONS",
      "side": "sell",
      "amount": 24175.481695980085,
      "price": 0.00026084673945067204,
      "timestamp": "2026-05-05T00:00:00.000Z"
    },
    {
      "id": "op1-1763179322225-0.29225019792975404",
      "strategyId": "op1",
      "asset": "ETH-USDC-OPTIONS",
      "side": "sell",
      "amount": 24186.447069570484,
      "price": 0.00026084673945067204,
      "timestamp": "2026-05-06T00:00:00.000Z"
    },
    {
      "id": "op1-1763179323045-0.5745020871791565",
      "strategyId": "op1",
      "asset": "ETH-USDC-OPTIONS",
      "side": "sell",
      "amount": 24197.422804596088,
      "price": 0.00026084673945067204,
      "timestamp": "2026-05-07T00:00:00.000Z"
    },
    {
      "id": "op1-1763179323864-0.14875757686772362",
      "strategyId": "op1",
      "asset": "ETH-USDC-OPTIONS",
      "side": "sell",
      "amount": 24208.408911259892,
      "price": 0.00026084673945067204,
      "timestamp": "2026-05-08T00:00:00.000Z"
    },
    {
      "id": "op1-1763179324581-0.59792246487496",
      "strategyId": "op1",
      "asset": "ETH-USDC-OPTIONS",
      "side": "sell",
      "amount": 24219.405399775304,
      "price": 0.00026084673945067204,
      "timestamp": "2026-05-09T00:00:00.000Z"
    },
    {
      "id": "op1-1763179325382-0.6724027484438163",
      "strategyId": "op1",
      "asset": "ETH-USDC-OPTIONS",
      "side": "sell",
      "amount": 24230.41228036609,
      "price": 0.00026084673945067204,
      "timestamp": "2026-05-10T00:00:00.000Z"
    },
    {
      "id": "op1-1763179326219-0.9147928800014387",
      "strategyId": "op1",
      "asset": "ETH-USDC-OPTIONS",
      "side": "sell",
      "amount": 24241.429563266443,
      "price": 0.00026084673945067204,
      "timestamp": "2026-05-11T00:00:00.000Z"
    },
    {
      "id": "op1-1763179327038-0.9257905087687557",
      "strategyId": "op1",
      "asset": "ETH-USDC-OPTIONS",
      "side": "sell",
      "amount": 24252.45725872096,
      "price": 0.00026084673945067204,
      "timestamp": "2026-05-12T00:00:00.000Z"
    },
    {
      "id": "op1-1763179327857-0.7830252420882491",
      "strategyId": "op1",
      "asset": "ETH-USDC-OPTIONS",
      "side": "sell",
      "amount": 24263.49537698465,
      "price": 0.00026084673945067204,
      "timestamp": "2026-05-13T00:00:00.000Z"
    },
    {
      "id": "op1-1763179328650-0.9496520564002532",
      "strategyId": "op1",
      "asset": "ETH-USDC-OPTIONS",
      "side": "sell",
      "amount": 24274.54392832298,
      "price": 0.00026084673945067204,
      "timestamp": "2026-05-14T00:00:00.000Z"
    },
    {
      "id": "op1-1763179329351-0.44215229635445874",
      "strategyId": "op1",
      "asset": "ETH-USDC-OPTIONS",
      "side": "sell",
      "amount": 24285.60292301183,
      "price": 0.00026084673945067204,
      "timestamp": "2026-05-15T00:00:00.000Z"
    },
    {
      "id": "op1-1763179330110-0.9799481001412058",
      "strategyId": "op1",
      "asset": "ETH-USDC-OPTIONS",
      "side": "sell",
      "amount": 24296.67237133756,
      "price": 0.00026084673945067204,
      "timestamp": "2026-05-16T00:00:00.000Z"
    },
    {
      "id": "op1-1763179330930-0.047031227454657376",
      "strategyId": "op1",
      "asset": "ETH-USDC-OPTIONS",
      "side": "sell",
      "amount": 24307.752283596998,
      "price": 0.00026084673945067204,
      "timestamp": "2026-05-17T00:00:00.000Z"
    },
    {
      "id": "op1-1763179331749-0.5094047136371848",
      "strategyId": "op1",
      "asset": "ETH-USDC-OPTIONS",
      "side": "sell",
      "amount": 24318.842670097434,
      "price": 0.00026084673945067204,
      "timestamp": "2026-05-18T00:00:00.000Z"
    },
    {
      "id": "op1-1763179332568-0.947781978531481",
      "strategyId": "op1",
      "asset": "ETH-USDC-OPTIONS",
      "side": "sell",
      "amount": 24329.943541156652,
      "price": 0.00026084673945067204,
      "timestamp": "2026-05-19T00:00:00.000Z"
    },
    {
      "id": "op1-1763179333387-0.07378129762016206",
      "strategyId": "op1",
      "asset": "ETH-USDC-OPTIONS",
      "side": "sell",
      "amount": 24341.054907102945,
      "price": 0.00026084673945067204,
      "timestamp": "2026-05-20T00:00:00.000Z"
    },
    {
      "id": "op1-1763179334095-0.8906990692424485",
      "strategyId": "op1",
      "asset": "ETH-USDC-OPTIONS",
      "side": "sell",
      "amount": 24352.176778275098,
      "price": 0.00026084673945067204,
      "timestamp": "2026-05-21T00:00:00.000Z"
    },
    {
      "id": "op1-1763179335026-0.25314470945773704",
      "strategyId": "op1",
      "asset": "ETH-USDC-OPTIONS",
      "side": "sell",
      "amount": 24363.309165022434,
      "price": 0.00026084673945067204,
      "timestamp": "2026-05-22T00:00:00.000Z"
    },
    {
      "id": "op1-1763179335742-0.8927001060462851",
      "strategyId": "op1",
      "asset": "ETH-USDC-OPTIONS",
      "side": "sell",
      "amount": 24374.4520777048,
      "price": 0.00026084673945067204,
      "timestamp": "2026-05-23T00:00:00.000Z"
    },
    {
      "id": "op1-1763179336490-0.12152465960666747",
      "strategyId": "op1",
      "asset": "ETH-USDC-OPTIONS",
      "side": "sell",
      "amount": 24385.605526692583,
      "price": 0.00026084673945067204,
      "timestamp": "2026-05-24T00:00:00.000Z"
    },
    {
      "id": "op1-1763179337176-0.43248088153756525",
      "strategyId": "op1",
      "asset": "ETH-USDC-OPTIONS",
      "side": "sell",
      "amount": 24396.769522366736,
      "price": 0.00026084673945067204,
      "timestamp": "2026-05-25T00:00:00.000Z"
    },
    {
      "id": "op1-1763179337893-0.6958386616487294",
      "strategyId": "op1",
      "asset": "ETH-USDC-OPTIONS",
      "side": "sell",
      "amount": 24407.94407511877,
      "price": 0.00026084673945067204,
      "timestamp": "2026-05-26T00:00:00.000Z"
    },
    {
      "id": "op1-1763179338641-0.4089389686218796",
      "strategyId": "op1",
      "asset": "ETH-USDC-OPTIONS",
      "side": "sell",
      "amount": 24419.12919535077,
      "price": 0.00026084673945067204,
      "timestamp": "2026-05-27T00:00:00.000Z"
    },
    {
      "id": "op1-1763179339398-0.2702573089586231",
      "strategyId": "op1",
      "asset": "ETH-USDC-OPTIONS",
      "side": "sell",
      "amount": 24430.32489347541,
      "price": 0.00026084673945067204,
      "timestamp": "2026-05-28T00:00:00.000Z"
    },
    {
      "id": "op1-1763179340146-0.618281209768781",
      "strategyId": "op1",
      "asset": "ETH-USDC-OPTIONS",
      "side": "sell",
      "amount": 24441.531179915964,
      "price": 0.00026084673945067204,
      "timestamp": "2026-05-29T00:00:00.000Z"
    },
    {
      "id": "op1-1763179340863-0.18808363904538872",
      "strategyId": "op1",
      "asset": "ETH-USDC-OPTIONS",
      "side": "sell",
      "amount": 24452.748065106312,
      "price": 0.00026084673945067204,
      "timestamp": "2026-05-30T00:00:00.000Z"
    },
    {
      "id": "op1-1763179341682-0.8315446947269256",
      "strategyId": "op1",
      "asset": "ETH-USDC-OPTIONS",
      "side": "sell",
      "amount": 24463.975559490962,
      "price": 0.00026084673945067204,
      "timestamp": "2026-05-31T00:00:00.000Z"
    },
    {
      "id": "op1-1763179342603-0.5712698059959223",
      "strategyId": "op1",
      "asset": "ETH-USDC-OPTIONS",
      "side": "sell",
      "amount": 24475.213673525042,
      "price": 0.00026084673945067204,
      "timestamp": "2026-06-01T00:00:00.000Z"
    },
    {
      "id": "op1-1763179343523-0.212149910894309",
      "strategyId": "op1",
      "asset": "ETH-USDC-OPTIONS",
      "side": "sell",
      "amount": 24486.462417674335,
      "price": 0.00026084673945067204,
      "timestamp": "2026-06-02T00:00:00.000Z"
    },
    {
      "id": "op1-1763179344344-0.8204899385932182",
      "strategyId": "op1",
      "asset": "ETH-USDC-OPTIONS",
      "side": "sell",
      "amount": 24497.721802415264,
      "price": 0.00026084673945067204,
      "timestamp": "2026-06-03T00:00:00.000Z"
    },
    {
      "id": "op1-1763179345573-0.20490417638256786",
      "strategyId": "op1",
      "asset": "ETH-USDC-OPTIONS",
      "side": "sell",
      "amount": 24508.99183823493,
      "price": 0.00026084673945067204,
      "timestamp": "2026-06-04T00:00:00.000Z"
    },
    {
      "id": "op1-1763179346597-0.194858770637508",
      "strategyId": "op1",
      "asset": "ETH-USDC-OPTIONS",
      "side": "sell",
      "amount": 24520.272535631102,
      "price": 0.00026084673945067204,
      "timestamp": "2026-06-05T00:00:00.000Z"
    },
    {
      "id": "op1-1763179347416-0.40492372319531034",
      "strategyId": "op1",
      "asset": "ETH-USDC-OPTIONS",
      "side": "sell",
      "amount": 24531.563905112234,
      "price": 0.00026084673945067204,
      "timestamp": "2026-06-06T00:00:00.000Z"
    },
    {
      "id": "op1-1763179348540-0.23894207709271953",
      "strategyId": "op1",
      "asset": "ETH-USDC-OPTIONS",
      "side": "sell",
      "amount": 24542.865957197486,
      "price": 0.00026084673945067204,
      "timestamp": "2026-06-07T00:00:00.000Z"
    },
    {
      "id": "op1-1763179349257-0.7760233414210261",
      "strategyId": "op1",
      "asset": "ETH-USDC-OPTIONS",
      "side": "sell",
      "amount": 24554.178702416728,
      "price": 0.00026084673945067204,
      "timestamp": "2026-06-08T00:00:00.000Z"
    },
    {
      "id": "op1-1763179350079-0.21256063035999884",
      "strategyId": "op1",
      "asset": "ETH-USDC-OPTIONS",
      "side": "sell",
      "amount": 24565.50215131053,
      "price": 0.00026084673945067204,
      "timestamp": "2026-06-09T00:00:00.000Z"
    },
    {
      "id": "op1-1763179350898-0.4085647577101382",
      "strategyId": "op1",
      "asset": "ETH-USDC-OPTIONS",
      "side": "sell",
      "amount": 24576.836314430228,
      "price": 0.00026084673945067204,
      "timestamp": "2026-06-10T00:00:00.000Z"
    },
    {
      "id": "op1-1763179351614-0.2538985153710054",
      "strategyId": "op1",
      "asset": "ETH-USDC-OPTIONS",
      "side": "sell",
      "amount": 24588.18120233787,
      "price": 0.00026084673945067204,
      "timestamp": "2026-06-11T00:00:00.000Z"
    },
    {
      "id": "op1-1763179352536-0.2753202235685134",
      "strategyId": "op1",
      "asset": "ETH-USDC-OPTIONS",
      "side": "sell",
      "amount": 24599.536825606272,
      "price": 0.00026084673945067204,
      "timestamp": "2026-06-12T00:00:00.000Z"
    },
    {
      "id": "op1-1763179353926-0.5285392411938594",
      "strategyId": "op1",
      "asset": "ETH-USDC-OPTIONS",
      "side": "sell",
      "amount": 24610.90319481902,
      "price": 0.00026084673945067204,
      "timestamp": "2026-06-13T00:00:00.000Z"
    },
    {
      "id": "op1-1763179354687-0.8464157700581106",
      "strategyId": "op1",
      "asset": "ETH-USDC-OPTIONS",
      "side": "sell",
      "amount": 24622.280320570455,
      "price": 0.00026084673945067204,
      "timestamp": "2026-06-14T00:00:00.000Z"
    },
    {
      "id": "op1-1763179355462-0.28700257400080065",
      "strategyId": "op1",
      "asset": "ETH-USDC-OPTIONS",
      "side": "sell",
      "amount": 24633.668213465742,
      "price": 0.00026084673945067204,
      "timestamp": "2026-06-15T00:00:00.000Z"
    },
    {
      "id": "op1-1763179356223-0.8214688615920833",
      "strategyId": "op1",
      "asset": "ETH-USDC-OPTIONS",
      "side": "sell",
      "amount": 24645.066884120803,
      "price": 0.00026084673945067204,
      "timestamp": "2026-06-16T00:00:00.000Z"
    },
    {
      "id": "op1-1763179357042-0.21283408129021353",
      "strategyId": "op1",
      "asset": "ETH-USDC-OPTIONS",
      "side": "sell",
      "amount": 24656.476343162398,
      "price": 0.00026084673945067204,
      "timestamp": "2026-06-17T00:00:00.000Z"
    },
    {
      "id": "op1-1763179357861-0.8235235469865191",
      "strategyId": "op1",
      "asset": "ETH-USDC-OPTIONS",
      "side": "sell",
      "amount": 24667.896601228105,
      "price": 0.00026084673945067204,
      "timestamp": "2026-06-18T00:00:00.000Z"
    },
    {
      "id": "op1-1763179358680-0.17729363301865508",
      "strategyId": "op1",
      "asset": "ETH-USDC-OPTIONS",
      "side": "sell",
      "amount": 24679.327668966333,
      "price": 0.00026084673945067204,
      "timestamp": "2026-06-19T00:00:00.000Z"
    },
    {
      "id": "op1-1763179359397-0.19112298607886435",
      "strategyId": "op1",
      "asset": "ETH-USDC-OPTIONS",
      "side": "sell",
      "amount": 24690.769557036314,
      "price": 0.00026084673945067204,
      "timestamp": "2026-06-20T00:00:00.000Z"
    },
    {
      "id": "op1-1763179360179-0.9752393831280773",
      "strategyId": "op1",
      "asset": "ETH-USDC-OPTIONS",
      "side": "sell",
      "amount": 24702.22227610818,
      "price": 0.00026084673945067204,
      "timestamp": "2026-06-21T00:00:00.000Z"
    },
    {
      "id": "op1-1763179360933-0.224644773068712",
      "strategyId": "op1",
      "asset": "ETH-USDC-OPTIONS",
      "side": "sell",
      "amount": 24713.68583686289,
      "price": 0.00026084673945067204,
      "timestamp": "2026-06-22T00:00:00.000Z"
    },
    {
      "id": "op1-1763179361727-0.5870452329470525",
      "strategyId": "op1",
      "asset": "ETH-USDC-OPTIONS",
      "side": "sell",
      "amount": 24725.160249992296,
      "price": 0.00026084673945067204,
      "timestamp": "2026-06-23T00:00:00.000Z"
    },
    {
      "id": "op1-1763179362502-0.04652579321466821",
      "strategyId": "op1",
      "asset": "ETH-USDC-OPTIONS",
      "side": "sell",
      "amount": 24736.645526199143,
      "price": 0.00026084673945067204,
      "timestamp": "2026-06-24T00:00:00.000Z"
    },
    {
      "id": "op1-1763179363288-0.6720737450174094",
      "strategyId": "op1",
      "asset": "ETH-USDC-OPTIONS",
      "side": "sell",
      "amount": 24748.14167619706,
      "price": 0.00026084673945067204,
      "timestamp": "2026-06-25T00:00:00.000Z"
    },
    {
      "id": "op1-1763179363956-0.7185379341650759",
      "strategyId": "op1",
      "asset": "ETH-USDC-OPTIONS",
      "side": "sell",
      "amount": 24759.64871071062,
      "price": 0.00026084673945067204,
      "timestamp": "2026-06-26T00:00:00.000Z"
    },
    {
      "id": "op1-1763179364657-0.5731607122683648",
      "strategyId": "op1",
      "asset": "ETH-USDC-OPTIONS",
      "side": "sell",
      "amount": 24771.166640475287,
      "price": 0.00026084673945067204,
      "timestamp": "2026-06-27T00:00:00.000Z"
    },
    {
      "id": "op1-1763179365368-0.0574904885126265",
      "strategyId": "op1",
      "asset": "ETH-USDC-OPTIONS",
      "side": "sell",
      "amount": 24782.695476237466,
      "price": 0.00026084673945067204,
      "timestamp": "2026-06-28T00:00:00.000Z"
    },
    {
      "id": "op1-1763179366053-0.641084220295491",
      "strategyId": "op1",
      "asset": "ETH-USDC-OPTIONS",
      "side": "sell",
      "amount": 24794.23522875453,
      "price": 0.00026084673945067204,
      "timestamp": "2026-06-29T00:00:00.000Z"
    },
    {
      "id": "op1-1763179366872-0.6809189342771682",
      "strategyId": "op1",
      "asset": "ETH-USDC-OPTIONS",
      "side": "sell",
      "amount": 24805.785908794787,
      "price": 0.00026084673945067204,
      "timestamp": "2026-06-30T00:00:00.000Z"
    },
    {
      "id": "op1-1763179367589-0.3869002355591934",
      "strategyId": "op1",
      "asset": "ETH-USDC-OPTIONS",
      "side": "sell",
      "amount": 24817.347527137525,
      "price": 0.00026084673945067204,
      "timestamp": "2026-07-01T00:00:00.000Z"
    },
    {
      "id": "op1-1763179368365-0.037065001273972276",
      "strategyId": "op1",
      "asset": "ETH-USDC-OPTIONS",
      "side": "sell",
      "amount": 24828.920094573,
      "price": 0.00026084673945067204,
      "timestamp": "2026-07-02T00:00:00.000Z"
    },
    {
      "id": "op1-1763179369126-0.48686314692501964",
      "strategyId": "op1",
      "asset": "ETH-USDC-OPTIONS",
      "side": "sell",
      "amount": 24840.503621902484,
      "price": 0.00026084673945067204,
      "timestamp": "2026-07-03T00:00:00.000Z"
    },
    {
      "id": "op1-1763179369944-0.7021826236086841",
      "strategyId": "op1",
      "asset": "ETH-USDC-OPTIONS",
      "side": "sell",
      "amount": 24852.09811993823,
      "price": 0.00026084673945067204,
      "timestamp": "2026-07-04T00:00:00.000Z"
    },
    {
      "id": "op1-1763179370764-0.9779370078965594",
      "strategyId": "op1",
      "asset": "ETH-USDC-OPTIONS",
      "side": "sell",
      "amount": 24863.70359950351,
      "price": 0.00026084673945067204,
      "timestamp": "2026-07-05T00:00:00.000Z"
    },
    {
      "id": "op1-1763179371479-0.35026288786839077",
      "strategyId": "op1",
      "asset": "ETH-USDC-OPTIONS",
      "side": "sell",
      "amount": 24875.32007143263,
      "price": 0.00026084673945067204,
      "timestamp": "2026-07-06T00:00:00.000Z"
    },
    {
      "id": "op1-1763179372198-0.016702968492985137",
      "strategyId": "op1",
      "asset": "ETH-USDC-OPTIONS",
      "side": "sell",
      "amount": 24886.94754657093,
      "price": 0.00026084673945067204,
      "timestamp": "2026-07-07T00:00:00.000Z"
    },
    {
      "id": "op1-1763179373017-0.1719589763849816",
      "strategyId": "op1",
      "asset": "ETH-USDC-OPTIONS",
      "side": "sell",
      "amount": 24898.586035774802,
      "price": 0.00026084673945067204,
      "timestamp": "2026-07-08T00:00:00.000Z"
    },
    {
      "id": "op1-1763179373836-0.9140479274723959",
      "strategyId": "op1",
      "asset": "ETH-USDC-OPTIONS",
      "side": "sell",
      "amount": 24910.235549911693,
      "price": 0.00026084673945067204,
      "timestamp": "2026-07-09T00:00:00.000Z"
    },
    {
      "id": "op1-1763179374655-0.8959238681157863",
      "strategyId": "op1",
      "asset": "ETH-USDC-OPTIONS",
      "side": "sell",
      "amount": 24921.89609986013,
      "price": 0.00026084673945067204,
      "timestamp": "2026-07-10T00:00:00.000Z"
    },
    {
      "id": "op1-1763179375431-0.2692773678774445",
      "strategyId": "op1",
      "asset": "ETH-USDC-OPTIONS",
      "side": "sell",
      "amount": 24933.567696509712,
      "price": 0.00026084673945067204,
      "timestamp": "2026-07-11T00:00:00.000Z"
    },
    {
      "id": "op1-1763179376294-0.3245142636134658",
      "strategyId": "op1",
      "asset": "ETH-USDC-OPTIONS",
      "side": "sell",
      "amount": 24945.250350761155,
      "price": 0.00026084673945067204,
      "timestamp": "2026-07-12T00:00:00.000Z"
    },
    {
      "id": "op1-1763179377415-0.02433431976314704",
      "strategyId": "op1",
      "asset": "ETH-USDC-OPTIONS",
      "side": "sell",
      "amount": 24956.94407352626,
      "price": 0.00026084673945067204,
      "timestamp": "2026-07-13T00:00:00.000Z"
    },
    {
      "id": "op1-1763179378444-0.30430055819867174",
      "strategyId": "op1",
      "asset": "ETH-USDC-OPTIONS",
      "side": "sell",
      "amount": 24968.64887572796,
      "price": 0.00026084673945067204,
      "timestamp": "2026-07-14T00:00:00.000Z"
    },
    {
      "id": "op1-1763179379366-0.9729491112802189",
      "strategyId": "op1",
      "asset": "ETH-USDC-OPTIONS",
      "side": "sell",
      "amount": 24980.364768300307,
      "price": 0.00026084673945067204,
      "timestamp": "2026-07-15T00:00:00.000Z"
    },
    {
      "id": "op1-1763179380387-0.7925385823873649",
      "strategyId": "op1",
      "asset": "ETH-USDC-OPTIONS",
      "side": "sell",
      "amount": 24992.091762188516,
      "price": 0.00026084673945067204,
      "timestamp": "2026-07-16T00:00:00.000Z"
    },
    {
      "id": "op1-1763179381526-0.1621778134514954",
      "strategyId": "op1",
      "asset": "ETH-USDC-OPTIONS",
      "side": "sell",
      "amount": 25003.829868348934,
      "price": 0.00026084673945067204,
      "timestamp": "2026-07-17T00:00:00.000Z"
    },
    {
      "id": "op1-1763179382180-0.45981283058341915",
      "strategyId": "op1",
      "asset": "ETH-USDC-OPTIONS",
      "side": "sell",
      "amount": 25015.57909774908,
      "price": 0.00026084673945067204,
      "timestamp": "2026-07-18T00:00:00.000Z"
    },
    {
      "id": "op1-1763179382831-0.8462184092856836",
      "strategyId": "op1",
      "asset": "ETH-USDC-OPTIONS",
      "side": "sell",
      "amount": 25027.33946136765,
      "price": 0.00026084673945067204,
      "timestamp": "2026-07-19T00:00:00.000Z"
    },
    {
      "id": "op1-1763179383807-0.7392932252651769",
      "strategyId": "op1",
      "asset": "ETH-USDC-OPTIONS",
      "side": "sell",
      "amount": 25039.110970194542,
      "price": 0.00026084673945067204,
      "timestamp": "2026-07-20T00:00:00.000Z"
    },
    {
      "id": "op1-1763179384895-0.044029525783352286",
      "strategyId": "op1",
      "asset": "ETH-USDC-OPTIONS",
      "side": "sell",
      "amount": 25050.893635230826,
      "price": 0.00026084673945067204,
      "timestamp": "2026-07-21T00:00:00.000Z"
    },
    {
      "id": "op1-1763179385714-0.32187901641217",
      "strategyId": "op1",
      "asset": "ETH-USDC-OPTIONS",
      "side": "sell",
      "amount": 25062.687467488813,
      "price": 0.00026084673945067204,
      "timestamp": "2026-07-22T00:00:00.000Z"
    },
    {
      "id": "op1-1763179386533-0.5632585031320616",
      "strategyId": "op1",
      "asset": "ETH-USDC-OPTIONS",
      "side": "sell",
      "amount": 25074.492477992026,
      "price": 0.00026084673945067204,
      "timestamp": "2026-07-23T00:00:00.000Z"
    },
    {
      "id": "op1-1763179387250-0.5255050973866635",
      "strategyId": "op1",
      "asset": "ETH-USDC-OPTIONS",
      "side": "sell",
      "amount": 25086.308677775207,
      "price": 0.00026084673945067204,
      "timestamp": "2026-07-24T00:00:00.000Z"
    },
    {
      "id": "op1-1763179388070-0.6521570230958869",
      "strategyId": "op1",
      "asset": "ETH-USDC-OPTIONS",
      "side": "sell",
      "amount": 25098.136077884377,
      "price": 0.00026084673945067204,
      "timestamp": "2026-07-25T00:00:00.000Z"
    },
    {
      "id": "op1-1763179388787-0.4725686724087914",
      "strategyId": "op1",
      "asset": "ETH-USDC-OPTIONS",
      "side": "sell",
      "amount": 25109.974689376788,
      "price": 0.00026084673945067204,
      "timestamp": "2026-07-26T00:00:00.000Z"
    },
    {
      "id": "op1-1763179389503-0.913925673810631",
      "strategyId": "op1",
      "asset": "ETH-USDC-OPTIONS",
      "side": "sell",
      "amount": 25121.824523320982,
      "price": 0.00026084673945067204,
      "timestamp": "2026-07-27T00:00:00.000Z"
    },
    {
      "id": "op1-1763179390279-0.5844008943937411",
      "strategyId": "op1",
      "asset": "ETH-USDC-OPTIONS",
      "side": "sell",
      "amount": 25133.685590796773,
      "price": 0.00026084673945067204,
      "timestamp": "2026-07-28T00:00:00.000Z"
    },
    {
      "id": "op1-1763179391141-0.4996169822017893",
      "strategyId": "op1",
      "asset": "ETH-USDC-OPTIONS",
      "side": "sell",
      "amount": 25145.557902895263,
      "price": 0.00026084673945067204,
      "timestamp": "2026-07-29T00:00:00.000Z"
    },
    {
      "id": "op1-1763179391858-0.9560104751740615",
      "strategyId": "op1",
      "asset": "ETH-USDC-OPTIONS",
      "side": "sell",
      "amount": 25157.441470718888,
      "price": 0.00026084673945067204,
      "timestamp": "2026-07-30T00:00:00.000Z"
    },
    {
      "id": "op1-1763179392606-0.005079810550005948",
      "strategyId": "op1",
      "asset": "ETH-USDC-OPTIONS",
      "side": "sell",
      "amount": 25169.336305381366,
      "price": 0.00026084673945067204,
      "timestamp": "2026-07-31T00:00:00.000Z"
    },
    {
      "id": "op1-1763179393495-0.4893181960551143",
      "strategyId": "op1",
      "asset": "ETH-USDC-OPTIONS",
      "side": "sell",
      "amount": 25181.242418007765,
      "price": 0.00026084673945067204,
      "timestamp": "2026-08-01T00:00:00.000Z"
    },
    {
      "id": "op1-1763179394100-0.678271748904235",
      "strategyId": "op1",
      "asset": "ETH-USDC-OPTIONS",
      "side": "sell",
      "amount": 25193.159819734487,
      "price": 0.00026084673945067204,
      "timestamp": "2026-08-02T00:00:00.000Z"
    },
    {
      "id": "op1-1763179394930-0.2548694097780937",
      "strategyId": "op1",
      "asset": "ETH-USDC-OPTIONS",
      "side": "sell",
      "amount": 25205.0885217093,
      "price": 0.00026084673945067204,
      "timestamp": "2026-08-03T00:00:00.000Z"
    },
    {
      "id": "op1-1763179395543-0.6061961016165767",
      "strategyId": "op1",
      "asset": "ETH-USDC-OPTIONS",
      "side": "sell",
      "amount": 25217.028535091315,
      "price": 0.00026084673945067204,
      "timestamp": "2026-08-04T00:00:00.000Z"
    },
    {
      "id": "op1-1763179396262-0.717118552663665",
      "strategyId": "op1",
      "asset": "ETH-USDC-OPTIONS",
      "side": "sell",
      "amount": 25228.97987105104,
      "price": 0.00026084673945067204,
      "timestamp": "2026-08-05T00:00:00.000Z"
    },
    {
      "id": "op1-1763179397081-0.861513368884599",
      "strategyId": "op1",
      "asset": "ETH-USDC-OPTIONS",
      "side": "sell",
      "amount": 25240.942540770364,
      "price": 0.00026084673945067204,
      "timestamp": "2026-08-06T00:00:00.000Z"
    },
    {
      "id": "op1-1763179397900-0.7618275471579907",
      "strategyId": "op1",
      "asset": "ETH-USDC-OPTIONS",
      "side": "sell",
      "amount": 25252.91655544257,
      "price": 0.00026084673945067204,
      "timestamp": "2026-08-07T00:00:00.000Z"
    },
    {
      "id": "op1-1763179398721-0.19093038859839662",
      "strategyId": "op1",
      "asset": "ETH-USDC-OPTIONS",
      "side": "sell",
      "amount": 25264.901926272374,
      "price": 0.00026084673945067204,
      "timestamp": "2026-08-08T00:00:00.000Z"
    },
    {
      "id": "op1-1763179399537-0.7887506755288919",
      "strategyId": "op1",
      "asset": "ETH-USDC-OPTIONS",
      "side": "sell",
      "amount": 25276.898664475884,
      "price": 0.00026084673945067204,
      "timestamp": "2026-08-09T00:00:00.000Z"
    },
    {
      "id": "op1-1763179400460-0.8549220728874676",
      "strategyId": "op1",
      "asset": "ETH-USDC-OPTIONS",
      "side": "sell",
      "amount": 25288.906781280675,
      "price": 0.00026084673945067204,
      "timestamp": "2026-08-10T00:00:00.000Z"
    },
    {
      "id": "op1-1763179401224-0.9243068693484302",
      "strategyId": "op1",
      "asset": "ETH-USDC-OPTIONS",
      "side": "sell",
      "amount": 25300.926287925762,
      "price": 0.00026084673945067204,
      "timestamp": "2026-08-11T00:00:00.000Z"
    },
    {
      "id": "op1-1763179401996-0.533349126015266",
      "strategyId": "op1",
      "asset": "ETH-USDC-OPTIONS",
      "side": "sell",
      "amount": 25312.95719566161,
      "price": 0.00026084673945067204,
      "timestamp": "2026-08-12T00:00:00.000Z"
    },
    {
      "id": "op1-1763179402815-0.5399279511444451",
      "strategyId": "op1",
      "asset": "ETH-USDC-OPTIONS",
      "side": "sell",
      "amount": 25324.999515750158,
      "price": 0.00026084673945067204,
      "timestamp": "2026-08-13T00:00:00.000Z"
    },
    {
      "id": "op1-1763179403635-0.7346909933941294",
      "strategyId": "op1",
      "asset": "ETH-USDC-OPTIONS",
      "side": "sell",
      "amount": 25337.05325946485,
      "price": 0.00026084673945067204,
      "timestamp": "2026-08-14T00:00:00.000Z"
    },
    {
      "id": "op1-1763179404352-0.27564149384199843",
      "strategyId": "op1",
      "asset": "ETH-USDC-OPTIONS",
      "side": "sell",
      "amount": 25349.118438090594,
      "price": 0.00026084673945067204,
      "timestamp": "2026-08-15T00:00:00.000Z"
    },
    {
      "id": "op1-1763179405171-0.5233764050049543",
      "strategyId": "op1",
      "asset": "ETH-USDC-OPTIONS",
      "side": "sell",
      "amount": 25361.195062923838,
      "price": 0.00026084673945067204,
      "timestamp": "2026-08-16T00:00:00.000Z"
    },
    {
      "id": "op1-1763179405888-0.17490946486431602",
      "strategyId": "op1",
      "asset": "ETH-USDC-OPTIONS",
      "side": "sell",
      "amount": 25373.28314527252,
      "price": 0.00026084673945067204,
      "timestamp": "2026-08-17T00:00:00.000Z"
    },
    {
      "id": "op1-1763179406707-0.10057386034579585",
      "strategyId": "op1",
      "asset": "ETH-USDC-OPTIONS",
      "side": "sell",
      "amount": 25385.38269645613,
      "price": 0.00026084673945067204,
      "timestamp": "2026-08-18T00:00:00.000Z"
    },
    {
      "id": "op1-1763179407524-0.7215560142905638",
      "strategyId": "op1",
      "asset": "ETH-USDC-OPTIONS",
      "side": "sell",
      "amount": 25397.493727805708,
      "price": 0.00026084673945067204,
      "timestamp": "2026-08-19T00:00:00.000Z"
    },
    {
      "id": "op1-1763179408345-0.3879946183207986",
      "strategyId": "op1",
      "asset": "ETH-USDC-OPTIONS",
      "side": "sell",
      "amount": 25409.616250663832,
      "price": 0.00026084673945067204,
      "timestamp": "2026-08-20T00:00:00.000Z"
    },
    {
      "id": "op1-1763179409164-0.13415443604006694",
      "strategyId": "op1",
      "asset": "ETH-USDC-OPTIONS",
      "side": "sell",
      "amount": 25421.75027638465,
      "price": 0.00026084673945067204,
      "timestamp": "2026-08-21T00:00:00.000Z"
    },
    {
      "id": "op1-1763179409983-0.397055881391173",
      "strategyId": "op1",
      "asset": "ETH-USDC-OPTIONS",
      "side": "sell",
      "amount": 25433.895816333905,
      "price": 0.00026084673945067204,
      "timestamp": "2026-08-22T00:00:00.000Z"
    },
    {
      "id": "op1-1763179410803-0.4561997890616868",
      "strategyId": "op1",
      "asset": "ETH-USDC-OPTIONS",
      "side": "sell",
      "amount": 25446.052881888925,
      "price": 0.00026084673945067204,
      "timestamp": "2026-08-23T00:00:00.000Z"
    },
    {
      "id": "op1-1763179411622-0.7429306131603954",
      "strategyId": "op1",
      "asset": "ETH-USDC-OPTIONS",
      "side": "sell",
      "amount": 25458.22148443864,
      "price": 0.00026084673945067204,
      "timestamp": "2026-08-24T00:00:00.000Z"
    },
    {
      "id": "op1-1763179412529-0.26824862431866914",
      "strategyId": "op1",
      "asset": "ETH-USDC-OPTIONS",
      "side": "sell",
      "amount": 25470.401635383598,
      "price": 0.00026084673945067204,
      "timestamp": "2026-08-25T00:00:00.000Z"
    },
    {
      "id": "op1-1763179413363-0.9056309598023599",
      "strategyId": "op1",
      "asset": "ETH-USDC-OPTIONS",
      "side": "sell",
      "amount": 25482.59334613598,
      "price": 0.00026084673945067204,
      "timestamp": "2026-08-26T00:00:00.000Z"
    },
    {
      "id": "op1-1763179414182-0.04810329488226717",
      "strategyId": "op1",
      "asset": "ETH-USDC-OPTIONS",
      "side": "sell",
      "amount": 25494.7966281196,
      "price": 0.00026084673945067204,
      "timestamp": "2026-08-27T00:00:00.000Z"
    },
    {
      "id": "op1-1763179415104-0.6768132777738611",
      "strategyId": "op1",
      "asset": "ETH-USDC-OPTIONS",
      "side": "sell",
      "amount": 25507.011492769932,
      "price": 0.00026084673945067204,
      "timestamp": "2026-08-28T00:00:00.000Z"
    },
    {
      "id": "op1-1763179415893-0.948052564461476",
      "strategyId": "op1",
      "asset": "ETH-USDC-OPTIONS",
      "side": "sell",
      "amount": 25519.23795153412,
      "price": 0.00026084673945067204,
      "timestamp": "2026-08-29T00:00:00.000Z"
    },
    {
      "id": "op1-1763179416639-0.6877603455815247",
      "strategyId": "op1",
      "asset": "ETH-USDC-OPTIONS",
      "side": "sell",
      "amount": 25531.476015870972,
      "price": 0.00026084673945067204,
      "timestamp": "2026-08-30T00:00:00.000Z"
    },
    {
      "id": "op1-1763179417754-0.9587146899665371",
      "strategyId": "op1",
      "asset": "ETH-USDC-OPTIONS",
      "side": "sell",
      "amount": 25543.725697250997,
      "price": 0.00026084673945067204,
      "timestamp": "2026-08-31T00:00:00.000Z"
    },
    {
      "id": "op1-1763179418585-0.5654835504191851",
      "strategyId": "op1",
      "asset": "ETH-USDC-OPTIONS",
      "side": "sell",
      "amount": 25555.987007156396,
      "price": 0.00026084673945067204,
      "timestamp": "2026-09-01T00:00:00.000Z"
    },
    {
      "id": "op1-1763179419404-0.7253845763028405",
      "strategyId": "op1",
      "asset": "ETH-USDC-OPTIONS",
      "side": "sell",
      "amount": 25568.2599570811,
      "price": 0.00026084673945067204,
      "timestamp": "2026-09-02T00:00:00.000Z"
    },
    {
      "id": "op1-1763179420223-0.044307009387770435",
      "strategyId": "op1",
      "asset": "ETH-USDC-OPTIONS",
      "side": "sell",
      "amount": 25580.54455853075,
      "price": 0.00026084673945067204,
      "timestamp": "2026-09-03T00:00:00.000Z"
    },
    {
      "id": "op1-1763179421043-0.5686943696070215",
      "strategyId": "op1",
      "asset": "ETH-USDC-OPTIONS",
      "side": "sell",
      "amount": 25592.840823022736,
      "price": 0.00026084673945067204,
      "timestamp": "2026-09-04T00:00:00.000Z"
    },
    {
      "id": "op1-1763179421862-0.5046479832136685",
      "strategyId": "op1",
      "asset": "ETH-USDC-OPTIONS",
      "side": "sell",
      "amount": 25605.148762086188,
      "price": 0.00026084673945067204,
      "timestamp": "2026-09-05T00:00:00.000Z"
    },
    {
      "id": "op1-1763179422681-0.43866674644430326",
      "strategyId": "op1",
      "asset": "ETH-USDC-OPTIONS",
      "side": "sell",
      "amount": 25617.46838726202,
      "price": 0.00026084673945067204,
      "timestamp": "2026-09-06T00:00:00.000Z"
    },
    {
      "id": "op1-1763179423496-0.8903817024777001",
      "strategyId": "op1",
      "asset": "ETH-USDC-OPTIONS",
      "side": "sell",
      "amount": 25629.799710102892,
      "price": 0.00026084673945067204,
      "timestamp": "2026-09-07T00:00:00.000Z"
    },
    {
      "id": "op1-1763179424524-0.924438178124177",
      "strategyId": "op1",
      "asset": "ETH-USDC-OPTIONS",
      "side": "sell",
      "amount": 25642.14274217328,
      "price": 0.00026084673945067204,
      "timestamp": "2026-09-08T00:00:00.000Z"
    },
    {
      "id": "op1-1763179425344-0.7349134327173074",
      "strategyId": "op1",
      "asset": "ETH-USDC-OPTIONS",
      "side": "sell",
      "amount": 25654.497495049443,
      "price": 0.00026084673945067204,
      "timestamp": "2026-09-09T00:00:00.000Z"
    }
  ],
  "positions": [
    {
      "id": "vp1-ETH-USDC",
      "strategyId": "vp1",
      "asset": "ETH-USDC",
      "amount": 59725.30060742559,
      "entryPrice": 1,
      "currentPrice": 1
    },
    {
      "id": "op1-lp-1763179158356",
      "strategyId": "op1",
      "asset": "ETH-USDC-LP",
      "amount": 54174.51614565772,
      "entryPrice": 0.00023208959386179632,
      "currentPrice": 1
    }
  ],
  "historicalValues": [
    100000,
    182060.99241671074,
    182134.12186905078,
    182207.31976493768,
    182280.58617123726,
    182353.92115488305,
    182427.32478287624,
