{
  "metrics": {
    "totalReturn": 34.51046924189403,
    "sharpeRatio": 0.10449021014185794,
    "maxDrawdown": 5.961714332487426,
    "finalValue": 134510.46924189402
  },
  "trades": [
    {
      "id": "vp1-1763180206042-0.15170872800822832",
      "strategyId": "vp1",
      "asset": "ETH",
      "side": "buy",
      "amount": 20000,
      "price": 0.0002323216834556581,
      "timestamp": "2025-09-09T00:00:00.000Z"
    },
    {
      "id": "vp1-1763180206043-0.4938632537345793",
      "strategyId": "vp1",
      "asset": "USDC",
      "side": "buy",
      "amount": 20000,
      "price": 0.0002323216834556581,
      "timestamp": "2025-09-09T00:00:00.000Z"
    },
    {
      "id": "op1-1763180206043-0.10242430438168171",
      "strategyId": "op1",
      "asset": "ETH-USDC-OPTIONS",
      "side": "sell",
      "amount": 16786.885969949464,
      "price": 0.0002318575042679345,
      "timestamp": "2025-09-09T00:00:00.000Z"
    },
    {
      "id": "op1-1763180211270-0.09697131469159714",
      "strategyId": "op1",
      "asset": "ETH-USDC-OPTIONS",
      "side": "sell",
      "amount": 17164.558237585574,
      "price": 0.0002296737327000299,
      "timestamp": "2025-09-10T00:00:00.000Z"
    },
    {
      "id": "op1-1763180214445-0.21175945090206805",
      "strategyId": "op1",
      "asset": "ETH-USDC-OPTIONS",
      "side": "sell",
      "amount": 17020.11449587473,
      "price": 0.00021751976618829562,
      "timestamp": "2025-09-17T00:00:00.000Z"
    },
    {
      "id": "op1-1763180215264-0.8587944297007752",
      "strategyId": "op1",
      "asset": "ETH-USDC-OPTIONS",
      "side": "sell",
      "amount": 17009.93155401411,
      "price": 0.00021762160168249903,
      "timestamp": "2025-09-18T00:00:00.000Z"
    },
    {
      "id": "op1-1763180216492-0.5179789357324702",
      "strategyId": "op1",
      "asset": "ETH-USDC-OPTIONS",
      "side": "sell",
      "amount": 17003.99748513033,
      "price": 0.00022343798967796455,
      "timestamp": "2025-09-19T00:00:00.000Z"
    },
    {
      "id": "op1-1763180217351-0.6230811199665146",
      "strategyId": "op1",
      "asset": "ETH-USDC-OPTIONS",
      "side": "sell",
      "amount": 16999.795619626544,
      "price": 0.00022282206513156286,
      "timestamp": "2025-09-20T00:00:00.000Z"
    },
    {
      "id": "op1-1763180218336-0.9233549999141105",
      "strategyId": "op1",
      "asset": "ETH-USDC-OPTIONS",
      "side": "sell",
      "amount": 16995.272562681403,
      "price": 0.0002245810432027622,
      "timestamp": "2025-09-21T00:00:00.000Z"
    },
    {
      "id": "op1-1763180219483-0.1521002253593231",
      "strategyId": "op1",
      "asset": "ETH-USDC-OPTIONS",
      "side": "sell",
      "amount": 16990.962197184646,
      "price": 0.00023766458697115628,
      "timestamp": "2025-09-22T00:00:00.000Z"
    },
    {
      "id": "op1-1763180220281-0.8960351163304586",
      "strategyId": "op1",
      "asset": "ETH-USDC-OPTIONS",
      "side": "sell",
      "amount": 16986.990719096426,
      "price": 0.00023980200592552147,
      "timestamp": "2025-09-23T00:00:00.000Z"
    },
    {
      "id": "op1-1763180221613-0.9060719120730897",
      "strategyId": "op1",
      "asset": "ETH-USDC-OPTIONS",
      "side": "sell",
      "amount": 16982.67669981505,
      "price": 0.00024046426644066559,
      "timestamp": "2025-09-24T00:00:00.000Z"
    },
    {
      "id": "op1-1763180222636-0.9685125274731091",
      "strategyId": "op1",
      "asset": "ETH-USDC-OPTIONS",
      "side": "sell",
      "amount": 16978.229804993505,
      "price": 0.0002579167464638252,
      "timestamp": "2025-09-25T00:00:00.000Z"
    },
    {
      "id": "op1-1763180223249-0.18014320276572315",
      "strategyId": "op1",
      "asset": "ETH-USDC-OPTIONS",
      "side": "sell",
      "amount": 16967.508112633986,
      "price": 0.00024756791064181057,
      "timestamp": "2025-09-26T00:00:00.000Z"
    },
    {
      "id": "op1-1763180224223-0.5826812897514541",
      "strategyId": "op1",
      "asset": "ETH-USDC-OPTIONS",
      "side": "sell",
      "amount": 16961.21872283128,
      "price": 0.0002485249801087142,
      "timestamp": "2025-09-27T00:00:00.000Z"
    },
    {
      "id": "op1-1763180224867-0.9563845294494641",
      "strategyId": "op1",
      "asset": "ETH-USDC-OPTIONS",
      "side": "sell",
      "amount": 16954.48562415424,
      "price": 0.00024092357258661493,
      "timestamp": "2025-09-28T00:00:00.000Z"
    },
    {
      "id": "op1-1763180225489-0.36377958390745224",
      "strategyId": "op1",
      "asset": "ETH-USDC-OPTIONS",
      "side": "sell",
      "amount": 16949.78096169488,
      "price": 0.000236832930356765,
      "timestamp": "2025-09-29T00:00:00.000Z"
    },
    {
      "id": "op1-1763180226111-0.04713960036706777",
      "strategyId": "op1",
      "asset": "ETH-USDC-OPTIONS",
      "side": "sell",
      "amount": 16945.685416188142,
      "price": 0.0002409332407771251,
      "timestamp": "2025-09-30T00:00:00.000Z"
    },
    {
      "id": "op1-1763180226723-0.7434889034111025",
      "strategyId": "op1",
      "asset": "ETH-USDC-OPTIONS",
      "side": "sell",
      "amount": 16940.962899411592,
      "price": 0.0002297886828853071,
      "timestamp": "2025-10-01T00:00:00.000Z"
    },
    {
      "id": "op1-1763180227859-0.2605464741203094",
      "strategyId": "op1",
      "asset": "ETH-USDC-OPTIONS",
      "side": "sell",
      "amount": 16937.132745103445,
      "price": 0.00022264810714483487,
      "timestamp": "2025-10-02T00:00:00.000Z"
    },
    {
      "id": "op1-1763180228643-0.47160658579244896",
      "strategyId": "op1",
      "asset": "ETH-USDC-OPTIONS",
      "side": "sell",
      "amount": 16932.317030780003,
      "price": 0.00022122102611712768,
      "timestamp": "2025-10-03T00:00:00.000Z"
    },
    {
      "id": "op1-1763180229395-0.8873602867009603",
      "strategyId": "op1",
      "asset": "ETH-USDC-OPTIONS",
      "side": "sell",
      "amount": 16927.177815924653,
      "price": 0.00022247253439279698,
      "timestamp": "2025-10-04T00:00:00.000Z"
    },
    {
      "id": "op1-1763180230316-0.10107324994760436",
      "strategyId": "op1",
      "asset": "ETH-USDC-OPTIONS",
      "side": "sell",
      "amount": 16922.305325227608,
      "price": 0.00022117665333009045,
      "timestamp": "2025-10-05T00:00:00.000Z"
    },
    {
      "id": "op1-1763180231108-0.5216813528898813",
      "strategyId": "op1",
      "asset": "ETH-USDC-OPTIONS",
      "side": "sell",
      "amount": 16917.11593896993,
      "price": 0.0002130846979245414,
      "timestamp": "2025-10-06T00:00:00.000Z"
    },
    {
      "id": "op1-1763180231955-0.7904625713953134",
      "strategyId": "op1",
      "asset": "ETH-USDC-OPTIONS",
      "side": "sell",
      "amount": 16908.856384390027,
      "price": 0.0002244135709689903,
      "timestamp": "2025-10-07T00:00:00.000Z"
    },
    {
      "id": "op1-1763180232774-0.47092396459760666",
      "strategyId": "op1",
      "asset": "ETH-USDC-OPTIONS",
      "side": "sell",
      "amount": 16904.471087748712,
      "price": 0.00022063535722708236,
      "timestamp": "2025-10-08T00:00:00.000Z"
    },
    {
      "id": "op1-1763180233593-0.45965097033044433",
      "strategyId": "op1",
      "asset": "ETH-USDC-OPTIONS",
      "side": "sell",
      "amount": 16899.178345170167,
      "price": 0.00022860516997352795,
      "timestamp": "2025-10-09T00:00:00.000Z"
    },
    {
      "id": "op1-1763180234387-0.6870548096457645",
      "strategyId": "op1",
      "asset": "ETH-USDC-OPTIONS",
      "side": "sell",
      "amount": 16895.317855175686,
      "price": 0.0002606990661351476,
      "timestamp": "2025-10-10T00:00:00.000Z"
    },
    {
      "id": "op1-1763180234969-0.6784615067333551",
      "strategyId": "op1",
      "asset": "ETH-USDC-OPTIONS",
      "side": "sell",
      "amount": 16882.937693136097,
      "price": 0.00026637040152185086,
      "timestamp": "2025-10-11T00:00:00.000Z"
    },
    {
      "id": "op1-1763180235641-0.21013165337838602",
      "strategyId": "op1",
      "asset": "ETH-USDC-OPTIONS",
      "side": "sell",
      "amount": 16867.080718998546,
      "price": 0.00024026269197312605,
      "timestamp": "2025-10-12T00:00:00.000Z"
    },
    {
      "id": "op1-1763180236460-0.15607777113511745",
      "strategyId": "op1",
      "asset": "ETH-USDC-OPTIONS",
      "side": "sell",
      "amount": 16862.552468703256,
      "price": 0.0002353450338922522,
      "timestamp": "2025-10-13T00:00:00.000Z"
    },
    {
      "id": "op1-1763180237206-0.4887492469926933",
      "strategyId": "op1",
      "asset": "ETH-USDC-OPTIONS",
      "side": "sell",
      "amount": 16858.699396772274,
      "price": 0.00024218866135967092,
      "timestamp": "2025-10-14T00:00:00.000Z"
    },
    {
      "id": "op1-1763180237996-0.8308880381306875",
      "strategyId": "op1",
      "asset": "ETH-USDC-OPTIONS",
      "side": "sell",
      "amount": 16853.822364595024,
      "price": 0.00025054515666763743,
      "timestamp": "2025-10-15T00:00:00.000Z"
    },
    {
      "id": "op1-1763180238771-0.38352631116785607",
      "strategyId": "op1",
      "asset": "ETH-USDC-OPTIONS",
      "side": "sell",
      "amount": 16846.359594630576,
      "price": 0.00025645535455765857,
      "timestamp": "2025-10-16T00:00:00.000Z"
    },
    {
      "id": "op1-1763180239737-0.29445922063786745",
      "strategyId": "op1",
      "asset": "ETH-USDC-OPTIONS",
      "side": "sell",
      "amount": 16836.2836560386,
      "price": 0.0002605858927112214,
      "timestamp": "2025-10-17T00:00:00.000Z"
    },
    {
      "id": "op1-1763180240454-0.7054980695610982",
      "strategyId": "op1",
      "asset": "ETH-USDC-OPTIONS",
      "side": "sell",
      "amount": 16823.994741627055,
      "price": 0.0002567752639272767,
      "timestamp": "2025-10-18T00:00:00.000Z"
    },
    {
      "id": "op1-1763180241376-0.6181134164201221",
      "strategyId": "op1",
      "asset": "ETH-USDC-OPTIONS",
      "side": "sell",
      "amount": 16813.695666929518,
      "price": 0.00025074411333514266,
      "timestamp": "2025-10-19T00:00:00.000Z"
    },
    {
      "id": "op1-1763180242092-0.3826105691303653",
      "strategyId": "op1",
      "asset": "ETH-USDC-OPTIONS",
      "side": "sell",
      "amount": 16806.067936643827,
      "price": 0.00025093144904265633,
      "timestamp": "2025-10-20T00:00:00.000Z"
    },
    {
      "id": "op1-1763180242899-0.7534077696857859",
      "strategyId": "op1",
      "asset": "ETH-USDC-OPTIONS",
      "side": "sell",
      "amount": 16798.368607972017,
      "price": 0.00025784714419354844,
      "timestamp": "2025-10-21T00:00:00.000Z"
    },
    {
      "id": "op1-1763180243731-0.47875847872251764",
      "strategyId": "op1",
      "asset": "ETH-USDC-OPTIONS",
      "side": "sell",
      "amount": 16787.528427377692,
      "price": 0.0002624220825730403,
      "timestamp": "2025-10-22T00:00:00.000Z"
    },
    {
      "id": "op1-1763180244520-0.1972077650378683",
      "strategyId": "op1",
      "asset": "ETH-USDC-OPTIONS",
      "side": "sell",
      "amount": 16774.127799645004,
      "price": 0.00025910168630663476,
      "timestamp": "2025-10-23T00:00:00.000Z"
    },
    {
      "id": "op1-1763180245267-0.8794426257952136",
      "strategyId": "op1",
      "asset": "ETH-USDC-OPTIONS",
      "side": "sell",
      "amount": 16762.580490025397,
      "price": 0.00025386320728585716,
      "timestamp": "2025-10-24T00:00:00.000Z"
    },
    {
      "id": "op1-1763180246086-0.13184245971088293",
      "strategyId": "op1",
      "asset": "ETH-USDC-OPTIONS",
      "side": "sell",
      "amount": 16753.633006495853,
      "price": 0.0002526191222964616,
      "timestamp": "2025-10-25T00:00:00.000Z"
    },
    {
      "id": "op1-1763180246905-0.4935983161544344",
      "strategyId": "op1",
      "asset": "ETH-USDC-OPTIONS",
      "side": "sell",
      "amount": 16745.220171401554,
      "price": 0.0002402463855655473,
      "timestamp": "2025-10-26T00:00:00.000Z"
    },
    {
      "id": "op1-1763180247623-0.9884097399177361",
      "strategyId": "op1",
      "asset": "ETH-USDC-OPTIONS",
      "side": "sell",
      "amount": 16740.619239471253,
      "price": 0.0002424631127906515,
      "timestamp": "2025-10-27T00:00:00.000Z"
    },
    {
      "id": "op1-1763180248441-0.2355008621917003",
      "strategyId": "op1",
      "asset": "ETH-USDC-OPTIONS",
      "side": "sell",
      "amount": 16735.559566393385,
      "price": 0.0002508561394920303,
      "timestamp": "2025-10-28T00:00:00.000Z"
    },
    {
      "id": "op1-1763180249261-0.1287356085054976",
      "strategyId": "op1",
      "asset": "ETH-USDC-OPTIONS",
      "side": "sell",
      "amount": 16727.87850424444,
      "price": 0.0002559587246595385,
      "timestamp": "2025-10-29T00:00:00.000Z"
    },
    {
      "id": "op1-1763180249875-0.05748783537908131",
      "strategyId": "op1",
      "asset": "ETH-USDC-OPTIONS",
      "side": "sell",
      "amount": 16717.968079097747,
      "price": 0.0002626883117467291,
      "timestamp": "2025-10-30T00:00:00.000Z"
    },
    {
      "id": "op1-1763180250694-0.8298704536446403",
      "strategyId": "op1",
      "asset": "ETH-USDC-OPTIONS",
      "side": "sell",
      "amount": 16704.432645254456,
      "price": 0.00025966327670360744,
      "timestamp": "2025-10-31T00:00:00.000Z"
    },
    {
      "id": "op1-1763180251513-0.8264775287654151",
      "strategyId": "op1",
      "asset": "ETH-USDC-OPTIONS",
      "side": "sell",
      "amount": 16692.471524049597,
      "price": 0.0002578931877616932,
      "timestamp": "2025-11-01T00:00:00.000Z"
    },
    {
      "id": "op1-1763180252332-0.8664451319270027",
      "strategyId": "op1",
      "asset": "ETH-USDC-OPTIONS",
      "side": "sell",
      "amount": 16681.290581344525,
      "price": 0.00025564717081397474,
      "timestamp": "2025-11-02T00:00:00.000Z"
    },
    {
      "id": "op1-1763180253152-0.7078008160662007",
      "strategyId": "op1",
      "asset": "ETH-USDC-OPTIONS",
      "side": "sell",
      "amount": 16671.076649153154,
      "price": 0.000277304334486574,
      "timestamp": "2025-11-03T00:00:00.000Z"
    },
    {
      "id": "op1-1763180253971-0.528389157160882",
      "strategyId": "op1",
      "asset": "ETH-USDC-OPTIONS",
      "side": "sell",
      "amount": 16646.871761602528,
      "price": 0.0003036842557479622,
      "timestamp": "2025-11-04T00:00:00.000Z"
    },
    {
      "id": "op1-1763180254691-0.9056554612407599",
      "strategyId": "op1",
      "asset": "ETH-USDC-OPTIONS",
      "side": "sell",
      "amount": 16597.693477679975,
      "price": 0.00029175918577661615,
      "timestamp": "2025-11-05T00:00:00.000Z"
    },
    {
      "id": "op1-1763180255431-0.2724278812234254",
      "strategyId": "op1",
      "asset": "ETH-USDC-OPTIONS",
      "side": "sell",
      "amount": 16560.9504816535,
      "price": 0.0003015487454754308,
      "timestamp": "2025-11-06T00:00:00.000Z"
    },
    {
      "id": "op1-1763180256019-0.09006676218893461",
      "strategyId": "op1",
      "asset": "ETH-USDC-OPTIONS",
      "side": "sell",
      "amount": 16514.533088370677,
      "price": 0.00029085277344478096,
      "timestamp": "2025-11-07T00:00:00.000Z"
    },
    {
      "id": "op1-1763180256736-0.058865871756520916",
      "strategyId": "op1",
      "asset": "ETH-USDC-OPTIONS",
      "side": "sell",
      "amount": 16478.978421421183,
      "price": 0.00029377354643271976,
      "timestamp": "2025-11-08T00:00:00.000Z"
    },
    {
      "id": "op1-1763180257414-0.3148917697182281",
      "strategyId": "op1",
      "asset": "ETH-USDC-OPTIONS",
      "side": "sell",
      "amount": 16440.770261498583,
      "price": 0.0002787005592188504,
      "timestamp": "2025-11-09T00:00:00.000Z"
    },
    {
      "id": "op1-1763180258109-0.33026819269775776",
      "strategyId": "op1",
      "asset": "ETH-USDC-OPTIONS",
      "side": "sell",
      "amount": 16415.84899726676,
      "price": 0.000279958938205091,
      "timestamp": "2025-11-10T00:00:00.000Z"
    },
    {
      "id": "op1-1763180258784-0.41546832328447547",
      "strategyId": "op1",
      "asset": "ETH-USDC-OPTIONS",
      "side": "sell",
      "amount": 16389.966834233408,
      "price": 0.00029250217016813884,
      "timestamp": "2025-11-11T00:00:00.000Z"
    },
    {
      "id": "op1-1763180259463-0.4301877024821854",
      "strategyId": "op1",
      "asset": "ETH-USDC-OPTIONS",
      "side": "sell",
      "amount": 16353.302345633012,
      "price": 0.00029261383623261446,
      "timestamp": "2025-11-12T00:00:00.000Z"
    },
    {
      "id": "op1-1763180260158-0.7132086395764909",
      "strategyId": "op1",
      "asset": "ETH-USDC-OPTIONS",
      "side": "sell",
      "amount": 16316.706527602959,
      "price": 0.0003091104948942897,
      "timestamp": "2025-11-13T00:00:00.000Z"
    },
    {
      "id": "op1-1763180260934-0.18181330402922036",
      "strategyId": "op1",
      "asset": "ETH-USDC-OPTIONS",
      "side": "sell",
      "amount": 16263.83137154724,
      "price": 0.0003212752543979269,
      "timestamp": "2025-11-14T00:00:00.000Z"
    },
    {
      "id": "op1-1763180261754-0.3104829690405587",
      "strategyId": "op1",
      "asset": "ETH-USDC-OPTIONS",
      "side": "sell",
      "amount": 16197.952579230458,
      "price": 0.0003136690150249766,
      "timestamp": "2025-11-15T00:00:00.000Z"
    }
  ],
  "positions": [
    {
      "id": "vp1-ETH-USDC",
      "strategyId": "vp1",
      "asset": "ETH-USDC",
      "amount": 5.3537711874018385e-89,
      "entryPrice": 1,
      "currentPrice": 1
    },
    {
      "id": "op1-lp-1763180206043",
      "strategyId": "op1",
      "asset": "ETH-USDC-LP",
      "amount": 37719.75282564848,
      "entryPrice": 0.00023208959386179632,
      "currentPrice": 1
    }
  ],
  "historicalValues": [
    100000,
    143037.9853132131,
    141834.28746562277,
    141834.28746562277,
    141834.28746562277,
    141834.28746562277,
    141834.28746562277,
    141834.28746562277,
    141834.28746562277,
    141749.42961678427,
    141699.97904275276,
    141664.96349688788,
    141627.27135567836,
    141591.3516432054,
    141558.25599247022,
    141522.30583179207,
    141485.2483749459,
    141395.90093861654,
    141343.48935692734,
    141287.38020128536,
    141248.17468079066,
    141214.0451349012,
    141174.69082842994,
    141142.77287586205,
    141102.6419231667,
    141059.81513270544,
    141019.21104356338,
    140975.96615808277,
    140907.13653658354,
    140870.59239790594,
    140826.4862097514,
    140794.3154597974,
    140691.1474428008,
    140559.00599165453,
    140521.2705725271,
    140489.16163976895,
    140448.51970495854,
    140386.3299552548,
    140302.36380032165,
    140199.95618022545,
    140114.130557746,
    140050.56613869857,
    139986.40506643348,
    139896.07022814744,
    139784.39833037503,
    139688.17075021163,
    139613.60838746544,
    139543.5014283463,
    139505.1603289271,
    139462.99638661154,
    139398.98753537034,
    139316.40065914788,
    139203.60537712046,
    139103.92936707998,
    139010.7548445377,
    138925.63874294295,
    138723.93134668772,
    138314.1123139998,
    138007.92068044585,
    137621.10906975565,
    137324.82017850986,
    137006.41884582152,
    136798.74164388966,
    136583.05695194507,
    136277.51954694177,
    135972.55439669132,
    135531.928096227,
    134982.9381602538,
    134510.46924189402
  ],
  "historicalReturns": [
    0.4303798531321311,
    -0.0084152321144246,
    0,
    0,
    0,
    0,
    0,
    0,
    -0.0005982886814943324,
    -0.00034885906888793423,
    -0.00024711045196637533,
    -0.0002660653719813602,
    -0.00025362143977738095,
    -0.00023374062293411173,
    -0.00025396018357324364,
    -0.0002618488769552651,
    -0.0006314964800611076,
    -0.00037067256788408595,
    -0.00039697021700303155,
    -0.00027748777306820535,
    -0.0002416282261105651,
    -0.0002786854978458271,
    -0.0002260883475684881,
    -0.00028432878196782706,
    -0.0003035151566090348,
    -0.00028785015139752524,
    -0.000306659533552874,
    -0.00048823656524579447,
    -0.00025934909739724183,
    -0.0003130972007980438,
    -0.00022844246717971818,
    -0.0007327569771525516,
    -0.0009392307444219419,
    -0.0002684667471941374,
    -0.0002284987363645083,
    -0.000289288756058071,
    -0.00044279391363031184,
    -0.0005981077713187092,
    -0.0007299065911815099,
    -0.0006121658295608351,
    -0.0004536617312927984,
    -0.00045812790361413573,
    -0.0006453115089509723,
    -0.0007982489972040679,
    -0.0006884000025236354,
    -0.0005337772149620414,
    -0.0005021498973408262,
    -0.0002747609098721243,
    -0.00030223930223185157,
    -0.00045896655671847313,
    -0.0005924496130325279,
    -0.0008096339088129879,
    -0.0007160447444622134,
    -0.0006698194865250784,
    -0.0006122986792636842,
    -0.00145190907942088,
    -0.0029542057286694088,
    -0.002213741088536421,
    -0.0028028218147410173,
    -0.0021529320120186393,
    -0.002318600033660705,
    -0.0015158209643123843,
    -0.0015766569878695228,
    -0.002237008102042979,
    -0.0022378243400988426,
    -0.0032405532309029562,
    -0.00405063178606456,
    -0.0035002121364320717
  ]
}